2664 4334
514 379 811 432 INTRODUCTION.
1088 388 1187 429 xxxv

132 541 179 612 64.
226 542 264 597 8⁰.
310 539 406 599 Lond.
452 555 538 615 1572.
581 537 663 597 With
677 539 773 612 Cato;
796 537 960 609 Erasmian‚
978 556 1032 613 271
1049 535 1179 598 verses*

134 658 181 732 65.
226 658 266 715 8⁰.
304 652 392 736 [Mat.
410 651 530 735 Furem]
566 652 647 729 Lips.
687 667 772 730 1573.
813 654 850 712 In
866 653 965 714 Greek
979 651 1080 712 heroic
1093 670 1186 711 verse.

134 779 181 836 66.
227 777 285 836 Th.
307 775 447 853 Zwinger.
491 777 530 833 8⁰.
574 774 661 834 Basil.
707 791 793 852 1575.
837 777 976 834 ‘Morum
998 773 1189 852 philosophia

236 873 364 951 poetica,
376 893 413 934 ex
426 884 559 934 veterum
574 871 728 949 utriusque
741 872 859 949 linguae
874 883 1029 950 poetarum
1044 873 1189 933 thesauris

236 989 325 1030 xvur.
346 970 427 1031 libris
449 971 596 1043 deducta,'
611 968 681 1030 with
701 969 910 1031 emendations
923 971 1019 1029 which
1040 970 1190 1031 Woelfflin

237 1089 304 1146 says
318 1088 367 1129 are
382 1071 417 1128 of
426 1088 467 1128 no
481 1070 574 1129 value.
611 1071 651 1128 At
667 1069 718 1128 the
733 1088 814 1129 same
825 1068 898 1130 time
909 1068 1041 1146 Zwinger
1052 1070 1189 1129 deserves

238 1187 323 1228 some
337 1165 430 1228 credit
444 1168 489 1227 for
502 1166 653 1244 following
668 1169 809 1227 Erasmus
823 1166 883 1226 and
899 1165 1051 1227 Fabricius
1072 1166 1189 1228 instead

238 1266 274 1326 os
284 1267 478 1326 Panthaleon.

137 1395 185 1468 67.
228 1392 254 1466 J.
273 1390 461 1449 Bene-natus.
506 1390 545 1448 8⁰.
589 1390 653 1446 Par.
700 1391 784 1465 1576.
828 1386 909 1447 With
928 1407 946 1447 a
968 1388 1084 1447 French
1103 1405 1191 1464 prose

238 1485 420 1548 translation.

138 1615 184 1672 68.
232 1618 290 1670 12⁰.
334 1607 429 1692 [Hub.
467 1607 719 1691 Scuttepytacus.]
776 1613 845 1670 Ant.
905 1614 990 1688 1576.
1042 1612 1191 1672 ‘Senecae

239 1709 393 1784 utriusque
423 1718 452 1768 et
483 1706 655 1784 philosophi
687 1717 717 1766 et
750 1718 857 1784 poetae
892 1706 1075 1784 sententiae?
1117 1708 1192 1768 Loci

240 1825 416 1867 communes
436 1817 650 1884 arrangement.
695 1806 800 1865 Priced
818 1809 858 1883 by
873 1806 1003 1869 Claudin
1017 1807 1148 1884 recently
1162 1818 1192 1867 at

243 1906 301 1963 afr.
320 1922 392 1982 5oc.

138 2034 186 2109 69.
232 2031 269 2088 R.
305 2029 472 2106 Stephanus
508 2027 572 2107 (the
607 2027 741 2106 second).
786 2029 825 2086 8⁰.
869 2031 933 2088 Par.
981 2046 1065 2106 1577.
1109 2030 1193 2090 After

241 2131 383 2188 Erasmus
403 2126 463 2186 and
486 2125 646 2186 Fabricius.

141 2269 189 2326 70.
232 2253 269 2310 R.
300 2250 477 2326 Stephanus.
523 2250 559 2306 8⁰.
605 2250 670 2307 Par.
717 2250 802 2325 1580.
844 2249 929 2308 After
958 2250 1099 2309 Erasmus
1132 2251 1193 2310 and

244 2347 405 2409 Fabricius.

140 2492 187 2550 71.
232 2474 306 2534 Geo.
324 2469 483 2531 Fabricius.
527 2467 609 2545 Lips.
655 2470 739 2546 1581.

141 2611 188 2672 72.
233 2597 271 2654 8⁰.
316 2597 379 2653 Par.
427 2596 512 2670 1585.
555 2592 635 2652 With
650 2611 668 2650 a
683 2592 798 2652 French
813 2611 901 2670 prose
915 2593 1097 2653 translation.

142 2728 189 2788 73.
233 2707 281 2792 [C.
299 2707 481 2791 Egenolph.]
523 2711 626 2769 Franc.
672 2711 757 2786 1589.
801 2710 884 2770 After
899 2712 980 2770 Hen.
996 2711 1171 2788 Stephanus.

142 2841 189 2902 74.
235 2825 324 2886 Dion.
341 2825 539 2885 Godofredus.
577 2826 616 2882 8⁰.
653 2822 741 2883 Basil.
782 2842 866 2902 1590.
904 2827 940 2885 In
955 2826 1007 2884 the
1021 2826 1076 2885 last
1092 2824 1194 2905 (sixth)

243 2925 363 2985 volume
380 2926 415 2984 of
430 2924 477 2984 his
496 2921 611 2984 edition
630 2924 666 2983 os
682 2924 804 2983 Seneca.
849 2924 1025 2985 ‘Proverbia
1044 2926 1195 2986 Senecae!

243 3021 393 3082 Woelfflin
407 3041 473 3098 says
490 3023 555 3081 ‘De
570 3019 716 3098 Dionysio
732 3022 906 3082 Godofredo
919 3041 1017 3099 pauca
1028 3023 1193 3082 sufficient:

244 3140 314 3179 narn
329 3118 434 3178 iniuria
448 3119 525 3179 inter
539 3118 658 3179 Publilii
675 3119 803 3179 editores
817 3121 940 3180 refertur
944 3166 1016 3179 ......
1022 3121 1070 3180 lta
1084 3122 1194 3180 factum

244 3229 298 3290 est,
327 3228 358 3277 ut
389 3217 552 3277 sententias
580 3217 740 3293 pedestres,
770 3236 846 3294 quae
874 3219 905 3276 in
933 3217 1066 3278 editione
1093 3228 1195 3277 nostra

243 3314 347 3376 litteris
374 3312 523 3374 inclinatis
545 3332 703 3391 expressae
726 3324 803 3385 sunt,
827 3333 884 3373 nec
905 3313 1011 3374 iambis
1034 3313 1194 3387 clauderet,

243 3432 300 3474 nec
335 3414 468 3483 selectas,
498 3412 552 3471 sed
586 3410 737 3471 universas
771 3411 924 3487 reciperet,
956 3424 1044 3488 prout
1078 3430 1129 3470 eas
1163 3410 1195 3469 in

244 3511 399 3572 codicibus
421 3509 662 3585 editionibusque
684 3507 806 3568 vetustis
828 3519 984 3585 repererat,
1007 3508 1136 3585 denique
1157 3526 1195 3568 ne

244 3610 436 3686 interpolatas
466 3606 588 3685 quidem
618 3628 655 3668 ex
686 3608 817 3667 Senecae
849 3605 900 3667 de'
922 3605 1081 3667 clementia
1114 3605 1196 3666 libris

244 3707 351 3786 petitas
372 3725 505 3766 resecare
526 3705 666 3767 auderet'

1058 3823 1075 3864 c
1090 3818 1108 3864 2
