2664 4334
444 386 609 437 PUBLILII
632 386 715 437 SYRI
739 386 987 437 SENTENTIAE.
1224 385 1239 453 5

183 543 415 605 Beneficium
442 544 560 606 dando
583 544 734 622 accepit,
758 544 819 622 qui
842 545 949 622 digno
972 543 1082 605 dedit.
1209 558 1241 624 65

183 648 365 723 Blanditia,
390 669 456 713 non
481 650 627 733 imperio,
651 649 689 713 fit
711 649 817 715 dulcis
839 651 962 715 Venus.

184 752 298 815 Bonus
315 752 447 816 animus
459 772 641 835 numquam
654 753 775 816 erranti
788 752 984 836 obsequium
998 753 1239 816 accommodat.

135 876 169 921 ιε
184 854 389 919 Beneficium
413 856 469 939 qui
492 855 623 919 dedisse
645 876 681 918 se
704 855 793 931 dicit,
815 855 908 938 petit.

252 960 410 1024 Benevoli
434 960 623 1023 coniunctio
645 960 748 1024 animi
772 960 922 1023 maxima
945 968 995 1022 est
1017 952 1181 1040 cognatio.

185 1063 390 1128 Beneficium
413 1085 514 1146 saepe
536 1065 615 1127 dare
638 1065 757 1128 docere
779 1050 830 1127 est
852 1064 998 1127 reddere.
1209 1087 1241 1139 7⁰

185 1167 352 1230 Bonitatis
374 1166 474 1230 verba
496 1166 619 1230 imitari
642 1167 748 1230 maior
770 1164 899 1230 malitia
921 1174 980 1229 est.

184 1269 283 1333 Bona
305 1270 418 1352 opinio
440 1268 613 1332 hominum
635 1269 738 1332 tutior
760 1269 901 1351 pecunia
924 1277 981 1331 est.

133 1393 170 1437 ao
184 1373 319 1436 Bonum
342 1373 431 1456 quod
455 1381 505 1436 est
527 1373 751 1454 supprimitur,
774 1391 956 1455 numquam
981 1369 1214 1452 exstinguitur.

184 1477 244 1540 Bis
267 1477 368 1540 vincit
389 1477 446 1560 qui
469 1497 504 1539 se
526 1475 630 1539 vincit
652 1476 685 1538 in
707 1475 853 1539 victoria

185 1579 357 1663 Benignus
380 1581 482 1644 etiam
504 1599 639 1642 causam
663 1580 764 1642 dandi
789 1580 921 1662 cogitat.
1210 1605 1239 1655 75

186 1682 245 1745 Bis
268 1683 477 1759 interimitur,
499 1684 555 1766 qui
579 1683 647 1746 suis
670 1683 770 1746 armis
793 1683 886 1765 perit.

185 1788 279 1850 Bene
301 1786 432 1862 dormit,
454 1787 511 1870 qui
534 1807 600 1850 non
623 1787 725 1850 sentit
747 1807 848 1870 quarn
872 1785 960 1850 male
982 1784 1135 1850 dormiat

137 1909 171 1954 ao
185 1890 358 1953 Bonorum
381 1889 504 1953 crimen
528 1899 578 1953 est
600 1889 766 1954 officiosus
790 1890 896 1954 miser.

186 1993 284 2055 Bona
305 2013 391 2075 quae
413 1994 546 2070 cadunt,
568 1995 602 2057 ni
625 1995 859 2070 sustineantur,
883 1994 1085 2077 opprimunt.

185 2096 284 2159 Bona
305 2095 395 2159 fama
417 2097 451 2159 in
473 2097 618 2161 tenebris
641 2099 810 2181 proprium
834 2097 1046 2181 splendorem
1070 2098 1208 2162 obtinet.

186 2200 280 2263 Bene
302 2201 448 2284 cogitata
469 2201 496 2264 si
519 2201 688 2277 excidunt,
712 2223 778 2265 non
802 2202 967 2267 occidunt.
1210 2218 1239 2266 ⁸1

186 2305 279 2368 Bene
302 2305 410 2387 perdit
433 2325 595 2382 nummos,
620 2305 720 2368 iudici
743 2325 818 2369 cum
842 2306 901 2369 dat
924 2326 1056 2370 nocens.

186 2484 333 2533 commodas
346 2484 389 2533 Go-
401 2485 456 2533 Mr.
467 2485 512 2534 Fr.
613 2491 661 2533 1⁴.
693 2485 866 2535 accommodat
879 2497 937 2535 MSS.
953 2486 1110 2546 (accomodat
1123 2486 1169 2546 Pa)
1188 2486 1239 2535 Wo.

186 2550 232 2614 Sp.
245 2556 333 2612 except
345 2550 528 2599 commodatM
543 2550 586 2600 Go.
599 2551 653 2599 Mr.
665 2551 711 2600 Fr.
806 2556 853 2600 10.
887 2551 1156 2601 convinctioVestm.
1171 2551 1238 2614 cogi·

186 2614 251 2663 tatio
262 2614 283 2664 C
295 2615 436 2665 coniunctio
450 2616 492 2665 Go.
504 2617 547 2666 Be.
561 2616 603 2665 Ri.
621 2617 672 2664 Wo.
685 2617 728 2679 Sp.
740 2617 794 2665 Mr.
807 2617 913 2666 cuiusvis
924 2617 969 2665 Fr.
1061 2620 1114 2664 20.
1147 2616 1242 2664 bonum

187 2680 256 2744 quod
268 2680 407 2729 estRBFV
435 2680 627 2744 uidequuod
639 2681 689 2729 Pn.
701 2681 826 2731 esthiu
837 2683 888 2730 Bu.
898 2681 996 2730 tametsi
1008 2683 1057 2730 Er.
1081 2681 1242 2744 subprimitur

188 2745 235 2794 PR
247 2746 407 2810 supprimitur
417 2697 464 2794 lv
475 2745 619 2810 suprimitur
630 2746 651 2794 B
667 2746 688 2795 si
703 2746 823 2810 premitur
839 2746 879 2797 CS
896 2747 916 2795 si
933 2745 1082 2810 obprimitur
1097 2747 1136 2810 B,
1171 2761 1241 2795 num·

188 2826 264 2874 quam
280 2811 301 2859 B
318 2811 369 2860 Wo.
387 2812 441 2860 Mr.
458 2813 504 2860 Fr.
522 2827 630 2875 nequam
654 2811 724 2860 PRA
742 2813 784 2876 Sp.
802 2827 960 2925 nequaquam
983 2811 1095 2860 FVCSB
1123 2826 1173 2860 non
1190 2813 1240 2860 Er.

189 2879 240 2924 aa.
274 2883 311 2924 est
327 2875 450 2926 officiosus
467 2889 526 2925 uss.
538 2879 586 2926 Er.
603 2877 647 2925 or.
657 2878 701 2926 ae.
717 2877 760 2926 Or.
773 2878 819 2926 ao.
832 2878 874 2925 nr.
901 2884 930 2940 p.
943 2878 997 2926 Mr.
1007 2877 1052 2924 Fr.
1064 2843 1189 2925 orlciosus
1204 2883 1241 2926 est

189 2941 235 2989 Fa.
253 2941 304 2990 Wo.
403 2945 452 2990 20.
489 2957 552 3005 quae
564 2941 667 2990 veniunt
682 2953 741 2990 Mss.
754 2941 881 3002 (eveniunt
895 2940 927 3004 C)
940 2940 1034 2991 vehunt
1045 2941 1091 2990 Bo.
1124 2941 1241 2991 accidunt

189 3006 232 3055 Ri.
265 3013 437 3055 susteneantur
452 3007 561 3070 Pan,R
573 3006 788 3057 substineanturC
803 3008 894 3057 cadunt
910 3007 1052 3071 opprimant
1067 3006 1092 3055 R
1106 3007 1198 3055 cadunt
1213 3013 1241 3056 ut

189 3070 332 3134 opprimant
344 3071 435 3119 PBFV
445 3072 537 3121 cadunt
548 3079 573 3121 et
584 3073 729 3136 opprimunt
740 3071 761 3122 C
773 3073 867 3121 vadunt
880 3079 908 3120 ut
920 3073 949 3120 B.
977 3072 1045 3120 bona
1055 3086 1119 3136 quae
1130 3072 1240 3122 eminent

188 3135 237 3184 nisi
255 3135 421 3185 sustineantur
439 3134 582 3201 obprimunt
600 3137 652 3186 Bu.
670 3137 697 3185 b.
714 3152 740 3200 q.
757 3137 859 3187 veniunt
877 3137 925 3186 nisi
944 3137 1039 3198 [animo
1055 3137 1147 3200 aequo]
1169 3137 1240 3186 susti·

189 3208 293 3250 neantur
309 3201 453 3265 opprimunt
463 3204 518 3251 Mr.
530 3202 598 3277 bona
608 3217 673 3266 quae
687 3202 779 3251 cadunt
794 3202 841 3251 nisi
858 3203 1024 3278 sustineantur
1039 3202 1184 3316 opprimunt
1195 3203 1240 3251 Fr.

189 3270 240 3316 2¹7.
277 3273 344 3315 tenet
362 3266 389 3315 H
407 3267 462 3315 Mr.
473 3268 518 3315 Fr.
535 3274 631 3330 opunet
647 3267 762 3316 PBRAZ
778 3268 821 3331 Sp.
841 3269 892 3316 Wo.
908 3268 1005 3317 obtinet
1021 3267 1067 3315 FV
1104 3274 1193 3316 rennet
1209 3267 1239 3317 C.

239 3471 287 3515 12.
321 3464 422 3529 Quoted
432 3465 466 3528 by
478 3463 574 3513 Gellius
588 3477 626 3527 17.
641 3482 669 3529 14
681 3466 732 3515 and
744 3466 896 3523 Macrobius,
908 3467 961 3514 Sat.
974 3481 997 3515 2.
1014 3477 1036 3527 7.

240 3557 286 3599 u.
320 3549 361 3600 ef.
373 3549 477 3605 Seneca,
489 3549 518 3597 de
527 3547 613 3613 Benq‘.
627 3565 648 3598 a.
666 3565 704 3600 11.
717 3566 741 3600 a.

238 3635 289 3679 2¹1.
323 3630 362 3681 Cf.
377 3629 532 3694 Fulgentius,
544 3631 627 3694 Myth.
642 3647 665 3680 a.
678 3648 691 3681 o
705 3631 853 3696 “sapientia
863 3629 939 3680 etiam
951 3629 976 3678 in
992 3629 1101 3679 tenebris
1111 3629 1242 3694 proprium

189 3712 311 3778 fulgorem
322 3710 476 3777 possideat.”
