<?xml version="1.0" encoding="UTF-8"?>
<!DOCTYPE html PUBLIC "-//W3C//DTD XHTML 1.0 Transitional//EN"
    "http://www.w3.org/TR/xhtml1/DTD/xhtml1-transitional.dtd">
<html xmlns="http://www.w3.org/1999/xhtml" xml:lang="en" lang="en">
 <head>
  <title>
</title>
<meta http-equiv="Content-Type" content="text/html;charset=utf-8" />
  <meta name='ocr-system' content='tesseract 3.04.00' />
  <meta name='ocr-capabilities' content='ocr_page ocr_carea ocr_par ocr_line ocrx_word'/>
</head>
<body>
  <div class='ocr_page' id='page_1' title='image "./publiliisyrisen00blicgoog/publiliisyrisen00blicgoog_0103.png"; bbox 0 0 2664 4334; ppageno 0'>
   <div class='ocr_carea' id='block_1_1' title="bbox 202 358 997 428">
    <p class='ocr_par' dir='ltr' id='par_1_1' title="bbox 202 358 997 428">
     <span class='ocr_line' id='line_1_1' title="bbox 202 358 997 428; baseline -0.004 -17"><span class='ocrx_word' id='word_1_1' title='bbox 202 363 244 428; x_wconf 81' lang='grc'>34</span> <span class='ocrx_word' id='word_1_2' title='bbox 458 359 619 411; x_wconf 87' lang='lat' dir='ltr'>PUBLILII</span> <span class='ocrx_word' id='word_1_3' title='bbox 644 358 727 409; x_wconf 86' lang='lat' dir='ltr'><strong>SYRI</strong></span> <span class='ocrx_word' id='word_1_4' title='bbox 751 358 997 409; x_wconf 86' lang='lat' dir='ltr'>SENTENTIAE.</span> 
     </span>
    </p>
   </div>
   <div class='ocr_carea' id='block_1_2' title="bbox 158 515 1264 2164">
    <p class='ocr_par' dir='ltr' id='par_1_2' title="bbox 203 515 1052 601">
     <span class='ocr_line' id='line_1_2' title="bbox 203 515 1052 601; baseline -0.005 -20"><span class='ocrx_word' id='word_1_5' title='bbox 203 517 270 601; x_wconf 93' lang='lat' dir='ltr'>Qui</span> <span class='ocrx_word' id='word_1_6' title='bbox 293 527 372 600; x_wconf 91' lang='lat' dir='ltr'>pote</span> <span class='ocrx_word' id='word_1_7' title='bbox 395 515 571 580; x_wconf 85' lang='lat' dir='ltr'>transferre</span> <span class='ocrx_word' id='word_1_8' title='bbox 594 535 751 590; x_wconf 87' lang='lat' dir='ltr'>amorem,</span> <span class='ocrx_word' id='word_1_9' title='bbox 774 525 853 597; x_wconf 92' lang='lat' dir='ltr'>pote</span> <span class='ocrx_word' id='word_1_10' title='bbox 876 517 1052 597; x_wconf 88' lang='lat' dir='ltr'><strong>deponere.</strong></span> 
     </span>
    </p>

    <p class='ocr_par' dir='ltr' id='par_1_3' title="bbox 158 618 1264 1123">
     <span class='ocr_line' id='line_1_3' title="bbox 158 618 986 704; baseline -0.001 -23"><span class='ocrx_word' id='word_1_11' title='bbox 158 634 189 681; x_wconf 74' lang='lat' dir='ltr'>ao</span> <span class='ocrx_word' id='word_1_12' title='bbox 205 621 271 704; x_wconf 86' lang='lat' dir='ltr'>Qui</span> <span class='ocrx_word' id='word_1_13' title='bbox 295 621 412 704; x_wconf 87' lang='lat' dir='ltr'>culpae</span> <span class='ocrx_word' id='word_1_14' title='bbox 436 620 578 702; x_wconf 84' lang='lat' dir='ltr'>ignoscit</span> <span class='ocrx_word' id='word_1_15' title='bbox 601 620 666 696; x_wconf 92' lang='lat' dir='ltr'>uni,</span> <span class='ocrx_word' id='word_1_16' title='bbox 688 620 807 683; x_wconf 87' lang='lat' dir='ltr'>suadet</span> <span class='ocrx_word' id='word_1_17' title='bbox 830 618 986 701; x_wconf 90' lang='lat' dir='ltr'>pluribus.</span> 
     </span>
     <span class='ocr_line' id='line_1_4' title="bbox 204 724 956 810; baseline -0.007 -19"><span class='ocrx_word' id='word_1_18' title='bbox 204 726 306 810; x_wconf 93' lang='lat' dir='ltr'>Quod</span> <span class='ocrx_word' id='word_1_19' title='bbox 329 726 487 809; x_wconf 88' lang='lat' dir='ltr'>improbis</span> <span class='ocrx_word' id='word_1_20' title='bbox 511 724 648 807; x_wconf 89' lang='lat' dir='ltr'>eripitur</span> <span class='ocrx_word' id='word_1_21' title='bbox 670 725 813 788; x_wconf 88' lang='lat' dir='ltr'>donatur</span> <span class='ocrx_word' id='word_1_22' title='bbox 835 725 956 807; x_wconf 89' lang='lat' dir='ltr'>probis.</span> 
     </span>
     <span class='ocr_line' id='line_1_5' title="bbox 205 827 1264 911; baseline -0.001 -18"><span class='ocrx_word' id='word_1_23' title='bbox 205 828 271 911; x_wconf 94' lang='lat' dir='ltr'>Qui</span> <span class='ocrx_word' id='word_1_24' title='bbox 295 829 358 892; x_wconf 88' lang='lat' dir='ltr'>sibi</span> <span class='ocrx_word' id='word_1_25' title='bbox 381 849 448 893; x_wconf 93' lang='lat' dir='ltr'>non</span> <span class='ocrx_word' id='word_1_26' title='bbox 472 828 563 906; x_wconf 88' lang='lat' dir='ltr'>vivit,</span> <span class='ocrx_word' id='word_1_27' title='bbox 587 827 660 892; x_wconf 89' lang='lat' dir='ltr'>aliis</span> <span class='ocrx_word' id='word_1_28' title='bbox 684 829 802 892; x_wconf 90' lang='lat' dir='ltr'>merito</span> <span class='ocrx_word' id='word_1_29' title='bbox 825 838 876 891; x_wconf 91' lang='lat' dir='ltr'>est</span> <span class='ocrx_word' id='word_1_30' title='bbox 899 836 1057 891; x_wconf 89' lang='lat' dir='ltr'>mortuus.</span> <span class='ocrx_word' id='word_1_31' title='bbox 1214 844 1264 905; x_wconf 81' lang='lat'>580</span> 
     </span>
     <span class='ocr_line' id='line_1_6' title="bbox 204 929 979 1016; baseline -0.006 -18"><span class='ocrx_word' id='word_1_32' title='bbox 204 933 372 1016; x_wconf 87' lang='lat' dir='ltr'>Quicquid</span> <span class='ocrx_word' id='word_1_33' title='bbox 396 931 530 1006; x_wconf 91' lang='lat' dir='ltr'>fitcum</span> <span class='ocrx_word' id='word_1_34' title='bbox 554 932 686 1006; x_wconf 90' lang='lat' dir='ltr'>virtute,</span> <span class='ocrx_word' id='word_1_35' title='bbox 708 929 745 995; x_wconf 88' lang='lat' dir='ltr'>fit</span> <span class='ocrx_word' id='word_1_36' title='bbox 768 953 843 995; x_wconf 91' lang='lat' dir='ltr'>cum</span> <span class='ocrx_word' id='word_1_37' title='bbox 867 930 979 1014; x_wconf 80' lang='lat' dir='ltr'>gloria.</span> 
     </span>
     <span class='ocr_line' id='line_1_7' title="bbox 204 1036 980 1123; baseline -0.004 -21"><span class='ocrx_word' id='word_1_38' title='bbox 204 1039 270 1123; x_wconf 92' lang='lat' dir='ltr'>Qui</span> <span class='ocrx_word' id='word_1_39' title='bbox 294 1046 470 1120; x_wconf 88' lang='lat' dir='ltr'>exspectat</span> <span class='ocrx_word' id='word_1_40' title='bbox 493 1045 529 1099; x_wconf 95' lang='lat' dir='ltr'>ut</span> <span class='ocrx_word' id='word_1_41' title='bbox 552 1046 694 1119; x_wconf 83' lang='lat' dir='ltr'>rogetur,</span> <span class='ocrx_word' id='word_1_42' title='bbox 716 1036 861 1101; x_wconf 90' lang='lat' dir='ltr'>officium</span> <span class='ocrx_word' id='word_1_43' title='bbox 886 1036 980 1100; x_wconf 84' lang='lat' dir='ltr'>levat.</span> 
     </span>
    </p>

    <p class='ocr_par' dir='ltr' id='par_1_4' title="bbox 158 1140 1260 1647">
     <span class='ocr_line' id='line_1_8' title="bbox 158 1140 1040 1225; baseline -0.001 -20"><span class='ocrx_word' id='word_1_44' title='bbox 158 1159 190 1204; x_wconf 69' lang='lat' dir='ltr'>eo</span> <span class='ocrx_word' id='word_1_45' title='bbox 205 1141 272 1225; x_wconf 91' lang='lat' dir='ltr'>Qui</span> <span class='ocrx_word' id='word_1_46' title='bbox 295 1143 392 1205; x_wconf 93' lang='lat' dir='ltr'>timet</span> <span class='ocrx_word' id='word_1_47' title='bbox 415 1142 568 1217; x_wconf 85' lang='lat' dir='ltr'>amicum,</span> <span class='ocrx_word' id='word_1_48' title='bbox 591 1140 659 1203; x_wconf 94' lang='lat' dir='ltr'>vim</span> <span class='ocrx_word' id='word_1_49' title='bbox 683 1161 749 1204; x_wconf 94' lang='lat' dir='ltr'>non</span> <span class='ocrx_word' id='word_1_50' title='bbox 773 1143 866 1205; x_wconf 92' lang='lat' dir='ltr'>novit</span> <span class='ocrx_word' id='word_1_51' title='bbox 889 1141 1040 1204; x_wconf 91' lang='lat' dir='ltr'>nominis.</span> 
     </span>
     <span class='ocr_line' id='line_1_9' title="bbox 205 1245 977 1332; baseline -0.003 -21"><span class='ocrx_word' id='word_1_52' title='bbox 205 1249 271 1332; x_wconf 85' lang='lat' dir='ltr'>Qui</span> <span class='ocrx_word' id='word_1_53' title='bbox 295 1268 362 1311; x_wconf 92' lang='lat' dir='ltr'>non</span> <span class='ocrx_word' id='word_1_54' title='bbox 386 1255 497 1329; x_wconf 94' lang='lat' dir='ltr'>potest</span> <span class='ocrx_word' id='word_1_55' title='bbox 520 1245 627 1308; x_wconf 87' lang='lat' dir='ltr'>celare</span> <span class='ocrx_word' id='word_1_56' title='bbox 649 1247 776 1322; x_wconf 92' lang='lat' dir='ltr'>vitium,</span> <span class='ocrx_word' id='word_1_57' title='bbox 800 1266 866 1309; x_wconf 92' lang='lat' dir='ltr'>non</span> <span class='ocrx_word' id='word_1_58' title='bbox 890 1245 977 1309; x_wconf 87' lang='lat' dir='ltr'>facit.</span> 
     </span>
     <span class='ocr_line' id='line_1_10' title="bbox 206 1349 1260 1434; baseline -0.002 -19"><span class='ocrx_word' id='word_1_59' title='bbox 206 1351 272 1434; x_wconf 94' lang='lat' dir='ltr'>Qui</span> <span class='ocrx_word' id='word_1_60' title='bbox 295 1370 412 1414; x_wconf 91' lang='lat' dir='ltr'>omnes</span> <span class='ocrx_word' id='word_1_61' title='bbox 435 1350 571 1413; x_wconf 84' lang='lat' dir='ltr'>insidias</span> <span class='ocrx_word' id='word_1_62' title='bbox 595 1351 700 1426; x_wconf 89' lang='lat' dir='ltr'>timet,</span> <span class='ocrx_word' id='word_1_63' title='bbox 723 1351 756 1413; x_wconf 91' lang='lat' dir='ltr'>iu</span> <span class='ocrx_word' id='word_1_64' title='bbox 780 1349 889 1413; x_wconf 91' lang='lat' dir='ltr'>nullas</span> <span class='ocrx_word' id='word_1_65' title='bbox 912 1349 1035 1412; x_wconf 92' lang='lat' dir='ltr'>incidit.</span> <span class='ocrx_word' id='word_1_66' title='bbox 1214 1365 1260 1427; x_wconf 78' lang='lat'>585</span> 
     </span>
     <span class='ocr_line' id='line_1_11' title="bbox 204 1453 1162 1541; baseline -0.004 -20"><span class='ocrx_word' id='word_1_67' title='bbox 204 1458 315 1541; x_wconf 92' lang='lat' dir='ltr'>Quam</span> <span class='ocrx_word' id='word_1_68' title='bbox 339 1455 446 1518; x_wconf 90' lang='lat' dir='ltr'>malus</span> <span class='ocrx_word' id='word_1_69' title='bbox 469 1464 528 1531; x_wconf 92' lang='lat' dir='ltr'>est,</span> <span class='ocrx_word' id='word_1_70' title='bbox 550 1455 683 1538; x_wconf 83' lang='lat' dir='ltr'>culpam</span> <span class='ocrx_word' id='word_1_71' title='bbox 707 1455 763 1537; x_wconf 93' lang='lat' dir='ltr'>qui</span> <span class='ocrx_word' id='word_1_72' title='bbox 787 1475 881 1518; x_wconf 82' lang='lat' dir='ltr'>suam</span> <span class='ocrx_word' id='word_1_73' title='bbox 905 1453 1040 1517; x_wconf 88' lang='lat' dir='ltr'>alterius</span> <span class='ocrx_word' id='word_1_74' title='bbox 1063 1453 1162 1518; x_wconf 83' lang='lat' dir='ltr'>iacit!</span> 
     </span>
     <span class='ocr_line' id='line_1_12' title="bbox 204 1560 1011 1647; baseline -0.006 -19"><span class='ocrx_word' id='word_1_75' title='bbox 204 1564 271 1647; x_wconf 94' lang='lat' dir='ltr'>Qui</span> <span class='ocrx_word' id='word_1_76' title='bbox 294 1562 392 1626; x_wconf 90' lang='lat' dir='ltr'>docte</span> <span class='ocrx_word' id='word_1_77' title='bbox 414 1561 522 1634; x_wconf 90' lang='lat' dir='ltr'>servit,</span> <span class='ocrx_word' id='word_1_78' title='bbox 545 1570 674 1642; x_wconf 87' lang='lat' dir='ltr'>partem</span> <span class='ocrx_word' id='word_1_79' title='bbox 698 1560 889 1624; x_wconf 88' lang='lat' dir='ltr'>dominatus</span> <span class='ocrx_word' id='word_1_80' title='bbox 911 1569 1011 1623; x_wconf 90' lang='lat' dir='ltr'>tenet.</span> 
     </span>
    </p>

    <p class='ocr_par' dir='ltr' id='par_1_5' title="bbox 158 1665 1263 2164">
     <span class='ocr_line' id='line_1_13' title="bbox 158 1665 1055 1751; baseline -0.001 -22"><span class='ocrx_word' id='word_1_81' title='bbox 158 1685 190 1729; x_wconf 71' lang='lat' dir='ltr'>su</span> <span class='ocrx_word' id='word_1_82' title='bbox 204 1667 271 1751; x_wconf 92' lang='lat' dir='ltr'>Qui</span> <span class='ocrx_word' id='word_1_83' title='bbox 294 1688 330 1730; x_wconf 92' lang='lat' dir='ltr'>se</span> <span class='ocrx_word' id='word_1_84' title='bbox 352 1667 461 1749; x_wconf 94' lang='lat' dir='ltr'>ipsum</span> <span class='ocrx_word' id='word_1_85' title='bbox 485 1665 608 1740; x_wconf 87' lang='lat' dir='ltr'>laudat,</span> <span class='ocrx_word' id='word_1_86' title='bbox 630 1665 697 1729; x_wconf 93' lang='lat' dir='ltr'>cito</span> <span class='ocrx_word' id='word_1_87' title='bbox 719 1666 899 1729; x_wconf 84' lang='lat' dir='ltr'>derisorem</span> <span class='ocrx_word' id='word_1_88' title='bbox 922 1665 1055 1729; x_wconf 92' lang='lat' dir='ltr'>invenit.</span> 
     </span>
     <span class='ocr_line' id='line_1_14' title="bbox 205 1769 1223 1855; baseline -0.004 -20"><span class='ocrx_word' id='word_1_89' title='bbox 205 1772 316 1855; x_wconf 86' lang='lat' dir='ltr'>Quam</span> <span class='ocrx_word' id='word_1_90' title='bbox 340 1770 495 1834; x_wconf 88' lang='lat' dir='ltr'>miserum</span> <span class='ocrx_word' id='word_1_91' title='bbox 519 1778 579 1843; x_wconf 93' lang='lat' dir='ltr'>est,</span> <span class='ocrx_word' id='word_1_92' title='bbox 600 1769 687 1832; x_wconf 94' lang='lat' dir='ltr'>bene</span> <span class='ocrx_word' id='word_1_93' title='bbox 709 1770 799 1851; x_wconf 93' lang='lat' dir='ltr'>quod</span> <span class='ocrx_word' id='word_1_94' title='bbox 823 1769 937 1832; x_wconf 82' lang='lat' dir='ltr'>seceris</span> <span class='ocrx_word' id='word_1_95' title='bbox 961 1769 1086 1833; x_wconf 88' lang='lat' dir='ltr'>factum</span> <span class='ocrx_word' id='word_1_96' title='bbox 1109 1769 1223 1851; x_wconf 88' lang='lat' dir='ltr'>queri!</span> 
     </span>
     <span class='ocr_line' id='line_1_15' title="bbox 205 1872 1263 1957; baseline -0.004 -19"><span class='ocrx_word' id='word_1_97' title='bbox 205 1873 318 1957; x_wconf 90' lang='lat' dir='ltr'>Quam</span> <span class='ocrx_word' id='word_1_98' title='bbox 341 1882 391 1937; x_wconf 92' lang='lat' dir='ltr'>est</span> <span class='ocrx_word' id='word_1_99' title='bbox 414 1872 496 1937; x_wconf 78' lang='lat' dir='ltr'>felix</span> <span class='ocrx_word' id='word_1_100' title='bbox 519 1874 596 1949; x_wconf 85' lang='lat' dir='ltr'>vita,</span> <span class='ocrx_word' id='word_1_101' title='bbox 618 1893 705 1956; x_wconf 84' lang='lat' dir='ltr'>quae</span> <span class='ocrx_word' id='word_1_102' title='bbox 728 1874 799 1937; x_wconf 90' lang='lat' dir='ltr'>sine</span> <span class='ocrx_word' id='word_1_103' title='bbox 821 1874 906 1937; x_wconf 91' lang='lat' dir='ltr'>odiis</span> <span class='ocrx_word' id='word_1_104' title='bbox 929 1873 1069 1936; x_wconf 91' lang='lat' dir='ltr'>transiit.</span> <span class='ocrx_word' id='word_1_105' title='bbox 1215 1900 1263 1952; x_wconf 82' lang='lat'>⁵90</span> 
     </span>
     <span class='ocr_line' id='line_1_16' title="bbox 205 1976 1152 2060; baseline 0 -20"><span class='ocrx_word' id='word_1_106' title='bbox 205 1976 373 2060; x_wconf 88' lang='lat' dir='ltr'>Quicquid</span> <span class='ocrx_word' id='word_1_107' title='bbox 397 1977 543 2040; x_wconf 79' lang='lat' dir='ltr'>futurum</span> <span class='ocrx_word' id='word_1_108' title='bbox 567 1987 618 2040; x_wconf 93' lang='lat' dir='ltr'>est</span> <span class='ocrx_word' id='word_1_109' title='bbox 640 1997 818 2053; x_wconf 90' lang='lat' dir='ltr'>summum,</span> <span class='ocrx_word' id='word_1_110' title='bbox 840 1979 884 2042; x_wconf 90' lang='lat' dir='ltr'>ab</span> <span class='ocrx_word' id='word_1_111' title='bbox 907 1978 975 2041; x_wconf 94' lang='lat' dir='ltr'>imo</span> <span class='ocrx_word' id='word_1_112' title='bbox 998 1978 1152 2041; x_wconf 89' lang='lat' dir='ltr'>nascitur.</span> 
     </span>
     <span class='ocr_line' id='line_1_17' title="bbox 205 2081 1140 2164; baseline 0 -19"><span class='ocrx_word' id='word_1_113' title='bbox 205 2081 317 2164; x_wconf 89' lang='lat' dir='ltr'>Quam</span> <span class='ocrx_word' id='word_1_114' title='bbox 340 2082 497 2145; x_wconf 92' lang='lat' dir='ltr'>miserum</span> <span class='ocrx_word' id='word_1_115' title='bbox 521 2090 579 2155; x_wconf 92' lang='lat' dir='ltr'>est,</span> <span class='ocrx_word' id='word_1_116' title='bbox 602 2081 659 2144; x_wconf 93' lang='lat' dir='ltr'>ubi</span> <span class='ocrx_word' id='word_1_117' title='bbox 682 2082 855 2145; x_wconf 91' lang='lat' dir='ltr'>consilium</span> <span class='ocrx_word' id='word_1_118' title='bbox 879 2103 956 2145; x_wconf 87' lang='lat' dir='ltr'>casu</span> <span class='ocrx_word' id='word_1_119' title='bbox 980 2083 1140 2147; x_wconf 90' lang='lat' dir='ltr'>vincitur!</span> 
     </span>
    </p>
   </div>
   <div class='ocr_carea' id='block_1_3' title="bbox 159 2185 1262 2479">
    <p class='ocr_par' dir='ltr' id='par_1_6' title="bbox 159 2185 1262 2479">
     <span class='ocr_line' id='line_1_18' title="bbox 159 2185 1047 2269; baseline 0 -17"><span class='ocrx_word' id='word_1_120' title='bbox 159 2208 190 2253; x_wconf 81' lang='lat' dir='ltr'>uu</span> <span class='ocrx_word' id='word_1_121' title='bbox 206 2185 375 2269; x_wconf 85' lang='lat' dir='ltr'>Quicquid</span> <span class='ocrx_word' id='word_1_122' title='bbox 398 2186 530 2249; x_wconf 88' lang='lat' dir='ltr'>fortuna</span> <span class='ocrx_word' id='word_1_123' title='bbox 553 2195 703 2260; x_wconf 89' lang='lat' dir='ltr'>exornat,</span> <span class='ocrx_word' id='word_1_124' title='bbox 727 2187 794 2249; x_wconf 93' lang='lat' dir='ltr'>cito</span> <span class='ocrx_word' id='word_1_125' title='bbox 816 2188 1047 2252; x_wconf 89' lang='lat' dir='ltr'>contemnitur.</span> 
     </span>
     <span class='ocr_line' id='line_1_19' title="bbox 205 2290 1181 2375; baseline 0 -21"><span class='ocrx_word' id='word_1_126' title='bbox 205 2291 373 2374; x_wconf 92' lang='lat' dir='ltr'>Quicquid</span> <span class='ocrx_word' id='word_1_127' title='bbox 397 2290 596 2374; x_wconf 91' lang='lat' dir='ltr'>plusquam</span> <span class='ocrx_word' id='word_1_128' title='bbox 620 2311 753 2354; x_wconf 89' lang='lat' dir='ltr'>necesse</span> <span class='ocrx_word' id='word_1_129' title='bbox 776 2301 826 2355; x_wconf 91' lang='lat' dir='ltr'>est</span> <span class='ocrx_word' id='word_1_130' title='bbox 848 2293 1029 2373; x_wconf 83' lang='lat' dir='ltr'>possideas,</span> <span class='ocrx_word' id='word_1_131' title='bbox 1052 2293 1181 2375; x_wconf 92' lang='lat' dir='ltr'>premit.</span> 
     </span>
     <span class='ocr_line' id='line_1_20' title="bbox 207 2394 1262 2479; baseline 0.002 -20"><span class='ocrx_word' id='word_1_132' title='bbox 207 2394 273 2477; x_wconf 88' lang='lat' dir='ltr'>Qui</span> <span class='ocrx_word' id='word_1_133' title='bbox 297 2405 376 2479; x_wconf 91' lang='lat' dir='ltr'>pote</span> <span class='ocrx_word' id='word_1_134' title='bbox 399 2415 518 2458; x_wconf 91' lang='lat' dir='ltr'>nocere</span> <span class='ocrx_word' id='word_1_135' title='bbox 541 2395 685 2470; x_wconf 91' lang='lat' dir='ltr'>timetur,</span> <span class='ocrx_word' id='word_1_136' title='bbox 707 2415 783 2459; x_wconf 88' lang='lat' dir='ltr'>cum</span> <span class='ocrx_word' id='word_1_137' title='bbox 807 2397 909 2460; x_wconf 91' lang='lat' dir='ltr'>etiam</span> <span class='ocrx_word' id='word_1_138' title='bbox 933 2418 1000 2461; x_wconf 94' lang='lat' dir='ltr'>non</span> <span class='ocrx_word' id='word_1_139' title='bbox 1023 2399 1126 2461; x_wconf 83' lang='lat' dir='ltr'>adest.</span> <span class='ocrx_word' id='word_1_140' title='bbox 1216 2425 1262 2477; x_wconf 82' lang='lat'>595</span> 
     </span>
    </p>
   </div>
   <div class='ocr_carea' id='block_1_4' title="bbox 206 2527 1268 3700">
    <p class='ocr_par' dir='ltr' id='par_1_7' title="bbox 206 2527 1268 3700">
     <span class='ocr_line' id='line_1_21' title="bbox 206 2527 1263 2595; baseline 0 -18"><span class='ocrx_word' id='word_1_141' title='bbox 206 2527 288 2593; x_wconf 87' lang='lat' dir='ltr'>litigat</span> <span class='ocrx_word' id='word_1_142' title='bbox 310 2529 354 2593; x_wconf 76' lang='lat' dir='ltr'>Sp.</span> <span class='ocrx_word' id='word_1_143' title='bbox 481 2534 532 2577; x_wconf 75' lang='grc'><strong>84.</strong></span> <span class='ocrx_word' id='word_1_144' title='bbox 565 2528 608 2593; x_wconf 88' lang='lat' dir='ltr'>qui</span> <span class='ocrx_word' id='word_1_145' title='bbox 631 2535 690 2591; x_wconf 86' lang='lat' dir='ltr'>pote</span> <span class='ocrx_word' id='word_1_146' title='bbox 713 2527 843 2579; x_wconf 82' lang='lat' dir='ltr'>transferre</span> <span class='ocrx_word' id='word_1_147' title='bbox 865 2546 976 2580; x_wconf 90' lang='lat' dir='ltr'>amorem</span> <span class='ocrx_word' id='word_1_148' title='bbox 999 2531 1020 2580; x_wconf 87' lang='lat' dir='ltr'>F</span> <span class='ocrx_word' id='word_1_149' title='bbox 1046 2531 1091 2580; x_wconf 87' lang='lat' dir='ltr'>Gr.</span> <span class='ocrx_word' id='word_1_150' title='bbox 1113 2537 1155 2580; x_wconf 76' lang='lat' dir='ltr'>etc.</span> <span class='ocrx_word' id='word_1_151' title='bbox 1189 2547 1215 2595; x_wconf 90' lang='lat' dir='ltr'>q.</span> <span class='ocrx_word' id='word_1_152' title='bbox 1238 2545 1263 2578; x_wconf 88' lang='lat' dir='ltr'>a.</span> 
     </span>
     <span class='ocr_line' id='line_1_22' title="bbox 207 2593 1262 2660; baseline 0.001 -19"><span class='ocrx_word' id='word_1_153' title='bbox 207 2609 232 2659; x_wconf 88' lang='lat' dir='ltr'>p.</span> <span class='ocrx_word' id='word_1_154' title='bbox 254 2602 271 2642; x_wconf 92' lang='lat' dir='ltr'>t.</span> <span class='ocrx_word' id='word_1_155' title='bbox 291 2595 337 2641; x_wconf 89' lang='lat' dir='ltr'>Fr.</span> <span class='ocrx_word' id='word_1_156' title='bbox 447 2599 496 2642; x_wconf 74' lang='grc'><strong>86.</strong></span> <span class='ocrx_word' id='word_1_157' title='bbox 531 2595 574 2658; x_wconf 93' lang='lat' dir='ltr'>qui</span> <span class='ocrx_word' id='word_1_158' title='bbox 594 2593 636 2643; x_wconf 93' lang='lat' dir='ltr'>uni</span> <span class='ocrx_word' id='word_1_159' title='bbox 656 2594 744 2658; x_wconf 87' lang='lat' dir='ltr'>culpae</span> <span class='ocrx_word' id='word_1_160' title='bbox 761 2595 907 2657; x_wconf 84' lang='lat' dir='ltr'>ignoscitF</span> <span class='ocrx_word' id='word_1_161' title='bbox 939 2596 983 2660; x_wconf 94' lang='lat' dir='ltr'>qui</span> <span class='ocrx_word' id='word_1_162' title='bbox 1002 2612 1025 2645; x_wconf 89' lang='lat' dir='ltr'>c.</span> <span class='ocrx_word' id='word_1_163' title='bbox 1045 2596 1062 2644; x_wconf 87' lang='lat' dir='ltr'>i.</span> <span class='ocrx_word' id='word_1_164' title='bbox 1083 2597 1126 2646; x_wconf 91' lang='lat' dir='ltr'>uni</span> <span class='ocrx_word' id='word_1_165' title='bbox 1149 2597 1193 2645; x_wconf 88' lang='lat' dir='ltr'>Gr.</span> <span class='ocrx_word' id='word_1_166' title='bbox 1217 2596 1262 2645; x_wconf 88' lang='lat' dir='ltr'>Or.</span> 
     </span>
     <span class='ocr_line' id='line_1_23' title="bbox 213 2659 1263 2772; baseline 0 -63"><span class='ocrx_word' id='word_1_167' title='bbox 213 2660 264 2709; x_wconf 85' lang='lat' dir='ltr'>Wo.</span> <span class='ocrx_word' id='word_1_168' title='bbox 286 2660 329 2772; x_wconf 65' lang='lat' dir='ltr'>Sp.</span> <span class='ocrx_word' id='word_1_169' title='bbox 350 2660 405 2707; x_wconf 93' lang='lat' dir='ltr'>Mr.</span> <span class='ocrx_word' id='word_1_170' title='bbox 447 2659 490 2724; x_wconf 92' lang='lat' dir='ltr'>qui</span> <span class='ocrx_word' id='word_1_171' title='bbox 504 2659 603 2723; x_wconf 85' lang='lat' dir='ltr'>culpam</span> <span class='ocrx_word' id='word_1_172' title='bbox 619 2660 636 2708; x_wconf 90' lang='lat' dir='ltr'>i.</span> <span class='ocrx_word' id='word_1_173' title='bbox 653 2659 697 2707; x_wconf 88' lang='lat' dir='ltr'>uni</span> <span class='ocrx_word' id='word_1_174' title='bbox 713 2661 759 2708; x_wconf 86' lang='lat' dir='ltr'>Bo.</span> <span class='ocrx_word' id='word_1_175' title='bbox 803 2676 829 2724; x_wconf 94' lang='lat' dir='ltr'>q.</span> <span class='ocrx_word' id='word_1_176' title='bbox 847 2660 920 2710; x_wconf 91' lang='lat' dir='ltr'>unius</span> <span class='ocrx_word' id='word_1_177' title='bbox 936 2661 1025 2725; x_wconf 80' lang='lat' dir='ltr'>culpae</span> <span class='ocrx_word' id='word_1_178' title='bbox 1041 2661 1058 2710; x_wconf 90' lang='lat' dir='ltr'>i.</span> <span class='ocrx_word' id='word_1_179' title='bbox 1080 2662 1124 2711; x_wconf 84' lang='lat' dir='ltr'>Ri.</span> <span class='ocrx_word' id='word_1_180' title='bbox 1159 2661 1201 2726; x_wconf 92' lang='lat' dir='ltr'>qui</span> <span class='ocrx_word' id='word_1_181' title='bbox 1220 2661 1263 2710; x_wconf 90' lang='lat' dir='ltr'>uni</span> 
     </span>
     <span class='ocr_line' id='line_1_24' title="bbox 208 2724 1265 2791; baseline 0.001 -18"><span class='ocrx_word' id='word_1_182' title='bbox 208 2725 248 2773; x_wconf 90' lang='lat' dir='ltr'>cui</span> <span class='ocrx_word' id='word_1_183' title='bbox 271 2740 370 2789; x_wconf 86' lang='lat' dir='ltr'>cupam</span> <span class='ocrx_word' id='word_1_184' title='bbox 393 2724 410 2772; x_wconf 90' lang='lat' dir='ltr'>i.</span> <span class='ocrx_word' id='word_1_185' title='bbox 431 2726 476 2773; x_wconf 90' lang='lat' dir='ltr'>Fr.</span> <span class='ocrx_word' id='word_1_186' title='bbox 519 2774 521 2780; x_wconf 81' lang='grc'><strong>,</strong></span> <span class='ocrx_word' id='word_1_187' title='bbox 593 2729 643 2773; x_wconf 75' lang='grc'><strong>80.</strong></span> <span class='ocrx_word' id='word_1_188' title='bbox 677 2725 795 2788; x_wconf 89' lang='lat' dir='ltr'>quicquid</span> <span class='ocrx_word' id='word_1_189' title='bbox 818 2725 939 2790; x_wconf 90' lang='lat' dir='ltr'>improbis</span> <span class='ocrx_word' id='word_1_190' title='bbox 958 2727 1061 2791; x_wconf 88' lang='lat' dir='ltr'>eripitur</span> <span class='ocrx_word' id='word_1_191' title='bbox 1082 2726 1156 2775; x_wconf 87' lang='lat' dir='ltr'>datur</span> <span class='ocrx_word' id='word_1_192' title='bbox 1178 2725 1265 2790; x_wconf 88' lang='lat' dir='ltr'>probis</span> 
     </span>
     <span class='ocr_line' id='line_1_25' title="bbox 209 2789 1263 2856; baseline 0.002 -18"><span class='ocrx_word' id='word_1_193' title='bbox 209 2791 229 2838; x_wconf 92' lang='lat' dir='ltr'>F</span> <span class='ocrx_word' id='word_1_194' title='bbox 264 2805 288 2854; x_wconf 95' lang='lat' dir='ltr'>q.</span> <span class='ocrx_word' id='word_1_195' title='bbox 307 2805 332 2853; x_wconf 93' lang='lat' dir='ltr'>p.</span> <span class='ocrx_word' id='word_1_196' title='bbox 351 2805 373 2838; x_wconf 89' lang='lat' dir='ltr'>e.</span> <span class='ocrx_word' id='word_1_197' title='bbox 394 2789 411 2838; x_wconf 91' lang='lat' dir='ltr'>i.</span> <span class='ocrx_word' id='word_1_198' title='bbox 430 2790 455 2838; x_wconf 91' lang='lat' dir='ltr'>d.</span> <span class='ocrx_word' id='word_1_199' title='bbox 480 2790 530 2838; x_wconf 84' lang='lat' dir='ltr'>Wo.</span> <span class='ocrx_word' id='word_1_200' title='bbox 565 2805 589 2854; x_wconf 92' lang='lat' dir='ltr'>q.</span> <span class='ocrx_word' id='word_1_201' title='bbox 606 2789 623 2837; x_wconf 93' lang='lat' dir='ltr'>i.</span> <span class='ocrx_word' id='word_1_202' title='bbox 640 2789 755 2839; x_wconf 85' lang='lat' dir='ltr'>tribuitur</span> <span class='ocrx_word' id='word_1_203' title='bbox 771 2805 793 2839; x_wconf 90' lang='lat' dir='ltr'>e.</span> <span class='ocrx_word' id='word_1_204' title='bbox 811 2807 836 2855; x_wconf 94' lang='lat' dir='ltr'>p.</span> <span class='ocrx_word' id='word_1_205' title='bbox 853 2791 945 2840; x_wconf 84' lang='lat' dir='ltr'>Nauck</span> <span class='ocrx_word' id='word_1_206' title='bbox 976 2807 1001 2856; x_wconf 93' lang='lat' dir='ltr'>q.</span> <span class='ocrx_word' id='word_1_207' title='bbox 1020 2792 1036 2840; x_wconf 92' lang='lat' dir='ltr'>i.</span> <span class='ocrx_word' id='word_1_208' title='bbox 1051 2791 1158 2841; x_wconf 86' lang='lat' dir='ltr'>donatur</span> <span class='ocrx_word' id='word_1_209' title='bbox 1172 2791 1263 2840; x_wconf 89' lang='lat' dir='ltr'>iniuste</span> 
     </span>
     <span class='ocr_line' id='line_1_26' title="bbox 208 2854 1263 2921; baseline 0.001 -17"><span class='ocrx_word' id='word_1_210' title='bbox 208 2871 230 2904; x_wconf 88' lang='lat' dir='ltr'>e.</span> <span class='ocrx_word' id='word_1_211' title='bbox 248 2871 273 2919; x_wconf 80' lang='lat' dir='ltr'>p.</span> <span class='ocrx_word' id='word_1_212' title='bbox 290 2854 334 2904; x_wconf 85' lang='lat' dir='ltr'>Ri.</span> <span class='ocrx_word' id='word_1_213' title='bbox 371 2870 396 2918; x_wconf 90' lang='lat' dir='ltr'>q.</span> <span class='ocrx_word' id='word_1_214' title='bbox 413 2854 438 2903; x_wconf 93' lang='lat' dir='ltr'>d.</span> <span class='ocrx_word' id='word_1_215' title='bbox 455 2871 480 2919; x_wconf 88' lang='lat' dir='ltr'>p.</span> <span class='ocrx_word' id='word_1_216' title='bbox 498 2870 519 2903; x_wconf 88' lang='lat' dir='ltr'>e.</span> <span class='ocrx_word' id='word_1_217' title='bbox 536 2854 552 2903; x_wconf 91' lang='lat' dir='ltr'>i.</span> <span class='ocrx_word' id='word_1_218' title='bbox 569 2856 612 2918; x_wconf 87' lang='lat' dir='ltr'>Sp.</span> <span class='ocrx_word' id='word_1_219' title='bbox 651 2855 719 2918; x_wconf 94' lang='lat' dir='ltr'>quod</span> <span class='ocrx_word' id='word_1_220' title='bbox 735 2855 751 2904; x_wconf 90' lang='lat' dir='ltr'>i.</span> <span class='ocrx_word' id='word_1_221' title='bbox 770 2871 792 2904; x_wconf 90' lang='lat' dir='ltr'>e.</span> <span class='ocrx_word' id='word_1_222' title='bbox 808 2856 914 2906; x_wconf 84' lang='lat' dir='ltr'>donatur</span> <span class='ocrx_word' id='word_1_223' title='bbox 930 2858 1024 2921; x_wconf 92' lang='lat' dir='ltr'>p.Mr.</span> <span class='ocrx_word' id='word_1_224' title='bbox 1072 2873 1118 2921; x_wconf 89' lang='lat' dir='ltr'>.p.</span> <span class='ocrx_word' id='word_1_225' title='bbox 1136 2857 1174 2905; x_wconf 91' lang='lat' dir='ltr'>vis</span> <span class='ocrx_word' id='word_1_226' title='bbox 1190 2857 1263 2920; x_wconf 90' lang='lat' dir='ltr'>eripit</span> 
     </span>
     <span class='ocr_line' id='line_1_27' title="bbox 208 2919 1261 2983; baseline 0.001 -15"><span class='ocrx_word' id='word_1_227' title='bbox 208 2921 252 2968; x_wconf 84' lang='lat' dir='ltr'>dat</span> <span class='ocrx_word' id='word_1_228' title='bbox 275 2920 291 2968; x_wconf 87' lang='lat' dir='ltr'>i.</span> <span class='ocrx_word' id='word_1_229' title='bbox 315 2921 361 2968; x_wconf 86' lang='lat' dir='ltr'>Fr.</span> <span class='ocrx_word' id='word_1_230' title='bbox 384 2920 437 2983; x_wconf 72' lang='lat' dir='ltr'>Hg.</span> <span class='ocrx_word' id='word_1_231' title='bbox 564 2925 615 2968; x_wconf 74' lang='grc'><strong>87.</strong></span> <span class='ocrx_word' id='word_1_232' title='bbox 649 2919 697 2969; x_wconf 93' lang='lat' dir='ltr'>sibi</span> <span class='ocrx_word' id='word_1_233' title='bbox 717 2935 768 2968; x_wconf 89' lang='lat' dir='ltr'>non</span> <span class='ocrx_word' id='word_1_234' title='bbox 788 2921 849 2970; x_wconf 89' lang='lat' dir='ltr'>vivit</span> <span class='ocrx_word' id='word_1_235' title='bbox 869 2921 891 2969; x_wconf 87' lang='lat' dir='ltr'>F</span> <span class='ocrx_word' id='word_1_236' title='bbox 917 2923 961 2971; x_wconf 86' lang='lat' dir='ltr'>Gr.</span> <span class='ocrx_word' id='word_1_237' title='bbox 987 2922 1031 2971; x_wconf 85' lang='lat' dir='ltr'>Or.</span> <span class='ocrx_word' id='word_1_238' title='bbox 1080 2937 1101 2969; x_wconf 89' lang='lat' dir='ltr'>o.</span> <span class='ocrx_word' id='word_1_239' title='bbox 1130 2922 1182 2970; x_wconf 89' lang='lat' dir='ltr'>Wo.</span> <span class='ocrx_word' id='word_1_240' title='bbox 1206 2922 1261 2970; x_wconf 88' lang='lat' dir='ltr'>Mr.</span> 
     </span>
     <span class='ocr_line' id='line_1_28' title="bbox 208 2984 1263 3050; baseline 0.001 -17"><span class='ocrx_word' id='word_1_241' title='bbox 208 2987 254 3033; x_wconf 89' lang='lat' dir='ltr'>Fr.</span> <span class='ocrx_word' id='word_1_242' title='bbox 299 3001 319 3034; x_wconf 93' lang='lat' dir='ltr'>s.</span> <span class='ocrx_word' id='word_1_243' title='bbox 342 2985 445 3035; x_wconf 88' lang='lat' dir='ltr'>minime</span> <span class='ocrx_word' id='word_1_244' title='bbox 468 3001 492 3032; x_wconf 89' lang='lat' dir='ltr'>v.</span> <span class='ocrx_word' id='word_1_245' title='bbox 515 2984 538 3033; x_wconf 90' lang='lat' dir='ltr'>T</span> <span class='ocrx_word' id='word_1_246' title='bbox 582 2984 683 3034; x_wconf 91' lang='lat' dir='ltr'>sibimet</span> <span class='ocrx_word' id='word_1_247' title='bbox 708 2985 770 3034; x_wconf 87' lang='lat' dir='ltr'>vivit</span> <span class='ocrx_word' id='word_1_248' title='bbox 791 2987 836 3035; x_wconf 85' lang='lat' dir='ltr'>Ri.</span> <span class='ocrx_word' id='word_1_249' title='bbox 864 2988 907 3050; x_wconf 87' lang='lat' dir='ltr'>Sp.</span> <span class='ocrx_word' id='word_1_250' title='bbox 952 2987 1000 3036; x_wconf 95' lang='lat' dir='ltr'>sibi</span> <span class='ocrx_word' id='word_1_251' title='bbox 1027 2987 1104 3036; x_wconf 91' lang='lat' dir='ltr'>modo</span> <span class='ocrx_word' id='word_1_252' title='bbox 1131 2987 1193 3036; x_wconf 87' lang='lat' dir='ltr'>vivit</span> <span class='ocrx_word' id='word_1_253' title='bbox 1215 2987 1263 3036; x_wconf 88' lang='lat' dir='ltr'>Bo.</span> 
     </span>
     <span class='ocr_line' id='line_1_29' title="bbox 208 3049 1263 3115; baseline 0.002 -17"><span class='ocrx_word' id='word_1_254' title='bbox 208 3056 259 3098; x_wconf 83' lang='grc'><strong>41.</strong></span> <span class='ocrx_word' id='word_1_255' title='bbox 294 3052 408 3114; x_wconf 90' lang='lat' dir='ltr'>potestF</span> <span class='ocrx_word' id='word_1_256' title='bbox 442 3058 501 3115; x_wconf 89' lang='lat' dir='ltr'>pote</span> <span class='ocrx_word' id='word_1_257' title='bbox 514 3051 558 3098; x_wconf 89' lang='lat' dir='ltr'>Gr.</span> <span class='ocrx_word' id='word_1_258' title='bbox 570 3056 611 3099; x_wconf 83' lang='lat' dir='ltr'>etc.</span> <span class='ocrx_word' id='word_1_259' title='bbox 645 3049 725 3100; x_wconf 88' lang='lat' dir='ltr'>celare</span> <span class='ocrx_word' id='word_1_260' title='bbox 739 3051 827 3100; x_wconf 90' lang='lat' dir='ltr'>vitium</span> <span class='ocrx_word' id='word_1_261' title='bbox 842 3067 893 3100; x_wconf 92' lang='lat' dir='ltr'>non</span> <span class='ocrx_word' id='word_1_262' title='bbox 907 3051 1003 3102; x_wconf 79' lang='lat' dir='ltr'>iacitF</span> <span class='ocrx_word' id='word_1_263' title='bbox 1031 3068 1053 3102; x_wconf 89' lang='lat' dir='ltr'>c.</span> <span class='ocrx_word' id='word_1_264' title='bbox 1070 3053 1159 3102; x_wconf 89' lang='lat' dir='ltr'>vitium</span> <span class='ocrx_word' id='word_1_265' title='bbox 1174 3052 1263 3101; x_wconf 87' lang='lat' dir='ltr'>vitium</span> 
     </span>
     <span class='ocr_line' id='line_1_30' title="bbox 208 3114 1263 3182; baseline 0.001 -18"><span class='ocrx_word' id='word_1_266' title='bbox 208 3131 259 3164; x_wconf 95' lang='lat' dir='ltr'>non</span> <span class='ocrx_word' id='word_1_267' title='bbox 271 3114 330 3164; x_wconf 85' lang='lat' dir='ltr'>facit</span> <span class='ocrx_word' id='word_1_268' title='bbox 344 3116 388 3164; x_wconf 88' lang='lat' dir='ltr'>Gr.</span> <span class='ocrx_word' id='word_1_269' title='bbox 403 3117 447 3165; x_wconf 87' lang='lat' dir='ltr'>Or.</span> <span class='ocrx_word' id='word_1_270' title='bbox 459 3116 506 3164; x_wconf 83' lang='lat' dir='ltr'>Bo.</span> <span class='ocrx_word' id='word_1_271' title='bbox 524 3115 575 3163; x_wconf 87' lang='lat' dir='ltr'>Wo.</span> <span class='ocrx_word' id='word_1_272' title='bbox 588 3116 634 3163; x_wconf 83' lang='lat' dir='ltr'>Fr.</span> <span class='ocrx_word' id='word_1_273' title='bbox 663 3131 687 3180; x_wconf 90' lang='lat' dir='ltr'>q.</span> <span class='ocrx_word' id='word_1_274' title='bbox 696 3131 746 3164; x_wconf 93' lang='lat' dir='ltr'>non</span> <span class='ocrx_word' id='word_1_275' title='bbox 754 3123 836 3180; x_wconf 90' lang='lat' dir='ltr'>potest</span> <span class='ocrx_word' id='word_1_276' title='bbox 844 3132 866 3166; x_wconf 85' lang='lat' dir='ltr'>c.</span> <span class='ocrx_word' id='word_1_277' title='bbox 876 3133 900 3165; x_wconf 87' lang='lat' dir='ltr'>v.</span> <span class='ocrx_word' id='word_1_278' title='bbox 908 3132 933 3165; x_wconf 90' lang='lat' dir='ltr'>n.</span> <span class='ocrx_word' id='word_1_279' title='bbox 945 3117 963 3166; x_wconf 80' lang='lat' dir='ltr'>f.</span> <span class='ocrx_word' id='word_1_280' title='bbox 977 3118 1030 3166; x_wconf 91' lang='lat' dir='ltr'>Mr.</span> <span class='ocrx_word' id='word_1_281' title='bbox 1055 3133 1081 3182; x_wconf 90' lang='lat' dir='ltr'>q.</span> <span class='ocrx_word' id='word_1_282' title='bbox 1093 3133 1119 3182; x_wconf 91' lang='lat' dir='ltr'>p.</span> <span class='ocrx_word' id='word_1_283' title='bbox 1132 3133 1153 3166; x_wconf 88' lang='lat' dir='ltr'>c.</span> <span class='ocrx_word' id='word_1_284' title='bbox 1166 3133 1190 3164; x_wconf 90' lang='lat' dir='ltr'>v.</span> <span class='ocrx_word' id='word_1_285' title='bbox 1203 3133 1227 3165; x_wconf 88' lang='lat' dir='ltr'>v.</span> <span class='ocrx_word' id='word_1_286' title='bbox 1237 3132 1263 3165; x_wconf 91' lang='lat' dir='ltr'>n.</span> 
     </span>
     <span class='ocr_line' id='line_1_31' title="bbox 208 3179 1265 3248; baseline 0.001 -19"><span class='ocrx_word' id='word_1_287' title='bbox 208 3181 326 3245; x_wconf 80' lang='lat' dir='ltr'>sugitRi.</span> <span class='ocrx_word' id='word_1_288' title='bbox 360 3181 404 3245; x_wconf 91' lang='lat' dir='ltr'>qui</span> <span class='ocrx_word' id='word_1_289' title='bbox 415 3181 466 3230; x_wconf 86' lang='lat' dir='ltr'>vim</span> <span class='ocrx_word' id='word_1_290' title='bbox 478 3188 560 3244; x_wconf 91' lang='lat' dir='ltr'>potest</span> <span class='ocrx_word' id='word_1_291' title='bbox 571 3179 652 3230; x_wconf 82' lang='lat' dir='ltr'>celare</span> <span class='ocrx_word' id='word_1_292' title='bbox 663 3180 750 3229; x_wconf 89' lang='lat' dir='ltr'>vitium</span> <span class='ocrx_word' id='word_1_293' title='bbox 762 3197 813 3230; x_wconf 91' lang='lat' dir='ltr'>uon</span> <span class='ocrx_word' id='word_1_294' title='bbox 824 3181 901 3232; x_wconf 80' lang='lat' dir='ltr'>iacit?</span> <span class='ocrx_word' id='word_1_295' title='bbox 966 3189 1016 3231; x_wconf 75' lang='grc'><strong>46.</strong></span> <span class='ocrx_word' id='word_1_296' title='bbox 1050 3183 1170 3248; x_wconf 88' lang='lat' dir='ltr'>seipsum</span> <span class='ocrx_word' id='word_1_297' title='bbox 1183 3182 1204 3231; x_wconf 87' lang='lat' dir='ltr'>F</span> <span class='ocrx_word' id='word_1_298' title='bbox 1218 3183 1265 3232; x_wconf 90' lang='lat' dir='ltr'>Gr.</span> 
     </span>
     <span class='ocr_line' id='line_1_32' title="bbox 208 3245 1265 3312; baseline 0.003 -17"><span class='ocrx_word' id='word_1_299' title='bbox 208 3248 252 3310; x_wconf 79' lang='lat' dir='ltr'>Sp.</span> <span class='ocrx_word' id='word_1_300' title='bbox 286 3261 312 3295; x_wconf 93' lang='lat' dir='ltr'>se</span> <span class='ocrx_word' id='word_1_301' title='bbox 324 3245 377 3310; x_wconf 92' lang='lat' dir='ltr'>ipse</span> <span class='ocrx_word' id='word_1_302' title='bbox 388 3247 431 3295; x_wconf 86' lang='lat' dir='ltr'>Be.</span> <span class='ocrx_word' id='word_1_303' title='bbox 447 3247 491 3295; x_wconf 92' lang='lat' dir='ltr'>Or.</span> <span class='ocrx_word' id='word_1_304' title='bbox 503 3246 548 3295; x_wconf 87' lang='lat' dir='ltr'>Bo.</span> <span class='ocrx_word' id='word_1_305' title='bbox 567 3246 618 3294; x_wconf 87' lang='lat' dir='ltr'>Wo.</span> <span class='ocrx_word' id='word_1_306' title='bbox 630 3246 674 3294; x_wconf 81' lang='lat' dir='ltr'>Ri.</span> <span class='ocrx_word' id='word_1_307' title='bbox 687 3247 731 3295; x_wconf 88' lang='lat' dir='ltr'>Fr.</span> <span class='ocrx_word' id='word_1_308' title='bbox 830 3253 882 3295; x_wconf 75' lang='lat'>4¹².</span> <span class='ocrx_word' id='word_1_309' title='bbox 915 3263 991 3312; x_wconf 81' lang='lat' dir='ltr'>quum</span> <span class='ocrx_word' id='word_1_310' title='bbox 1007 3255 1043 3298; x_wconf 90' lang='lat' dir='ltr'>est</span> <span class='ocrx_word' id='word_1_311' title='bbox 1057 3247 1117 3297; x_wconf 81' lang='lat' dir='ltr'>felix</span> <span class='ocrx_word' id='word_1_312' title='bbox 1133 3247 1184 3296; x_wconf 81' lang='lat' dir='ltr'>vita</span> <span class='ocrx_word' id='word_1_313' title='bbox 1199 3263 1265 3312; x_wconf 80' lang='lat' dir='ltr'>quae</span> 
     </span>
     <span class='ocr_line' id='line_1_33' title="bbox 209 3310 1264 3389; baseline 0 -29"><span class='ocrx_word' id='word_1_314' title='bbox 209 3313 262 3360; x_wconf 90' lang='lat' dir='ltr'>sine</span> <span class='ocrx_word' id='word_1_315' title='bbox 277 3310 384 3375; x_wconf 85' lang='lat' dir='ltr'>negotiis</span> <span class='ocrx_word' id='word_1_316' title='bbox 400 3311 487 3360; x_wconf 80' lang='lat' dir='ltr'>transit</span> <span class='ocrx_word' id='word_1_317' title='bbox 503 3311 524 3359; x_wconf 98' lang='lat' dir='ltr'>F</span> <span class='ocrx_word' id='word_1_318' title='bbox 540 3311 623 3359; x_wconf 68' lang='lat' dir='ltr'>ulei.</span> <span class='ocrx_word' id='word_1_319' title='bbox 657 3327 682 3376; x_wconf 87' lang='lat' dir='ltr'>q.</span> <span class='ocrx_word' id='word_1_320' title='bbox 699 3310 716 3360; x_wconf 83' lang='lat' dir='ltr'>i.</span> <span class='ocrx_word' id='word_1_321' title='bbox 732 3328 756 3359; x_wconf 88' lang='lat' dir='ltr'>v.</span> <span class='ocrx_word' id='word_1_322' title='bbox 772 3326 797 3375; x_wconf 91' lang='lat' dir='ltr'>q.</span> <span class='ocrx_word' id='word_1_323' title='bbox 814 3327 833 3360; x_wconf 92' lang='lat' dir='ltr'>s.</span> <span class='ocrx_word' id='word_1_324' title='bbox 846 3328 872 3361; x_wconf 88' lang='lat' dir='ltr'>n.</span> <span class='ocrx_word' id='word_1_325' title='bbox 884 3312 981 3363; x_wconf 79' lang='lat' dir='ltr'>transiit</span> <span class='ocrx_word' id='word_1_326' title='bbox 996 3314 1040 3363; x_wconf 84' lang='lat' dir='ltr'>Gr.</span> <span class='ocrx_word' id='word_1_327' title='bbox 1055 3314 1099 3363; x_wconf 88' lang='lat' dir='ltr'>Or.</span> <span class='ocrx_word' id='word_1_328' title='bbox 1132 3328 1158 3389; x_wconf 89' lang='lat' dir='ltr'>q.</span> <span class='ocrx_word' id='word_1_329' title='bbox 1171 3312 1188 3361; x_wconf 84' lang='grc' dir='ltr'><strong>ι’.</strong></span> <span class='ocrx_word' id='word_1_330' title='bbox 1200 3329 1225 3361; x_wconf 88' lang='lat' dir='ltr'>v.</span> <span class='ocrx_word' id='word_1_331' title='bbox 1238 3329 1264 3378; x_wconf 94' lang='lat' dir='ltr'>q.</span> 
     </span>
     <span class='ocr_line' id='line_1_34' title="bbox 209 3375 1268 3443; baseline 0.004 -19"><span class='ocrx_word' id='word_1_332' title='bbox 209 3376 271 3425; x_wconf 86' lang='lat' dir='ltr'>abiit</span> <span class='ocrx_word' id='word_1_333' title='bbox 286 3391 305 3424; x_wconf 96' lang='lat' dir='ltr'>s.</span> <span class='ocrx_word' id='word_1_334' title='bbox 323 3391 347 3424; x_wconf 92' lang='lat' dir='ltr'>n.</span> <span class='ocrx_word' id='word_1_335' title='bbox 362 3377 408 3425; x_wconf 85' lang='lat' dir='ltr'>Bo.</span> <span class='ocrx_word' id='word_1_336' title='bbox 451 3392 476 3441; x_wconf 86' lang='lat' dir='ltr'>q.</span> <span class='ocrx_word' id='word_1_337' title='bbox 493 3375 510 3424; x_wconf 88' lang='lat' dir='ltr'>f.</span> <span class='ocrx_word' id='word_1_338' title='bbox 526 3392 551 3424; x_wconf 88' lang='lat' dir='ltr'>v.</span> <span class='ocrx_word' id='word_1_339' title='bbox 568 3376 653 3425; x_wconf 79' lang='lat' dir='ltr'>transit</span> <span class='ocrx_word' id='word_1_340' title='bbox 670 3392 690 3425; x_wconf 95' lang='lat' dir='ltr'>s.</span> <span class='ocrx_word' id='word_1_341' title='bbox 703 3393 728 3425; x_wconf 92' lang='grc' dir='ltr'><strong>ιι.</strong></span> <span class='ocrx_word' id='word_1_342' title='bbox 746 3377 798 3426; x_wconf 86' lang='lat' dir='ltr'>Wo.</span> <span class='ocrx_word' id='word_1_343' title='bbox 810 3377 854 3426; x_wconf 82' lang='lat' dir='ltr'>Ri.</span> <span class='ocrx_word' id='word_1_344' title='bbox 866 3378 909 3442; x_wconf 87' lang='lat' dir='ltr'>Sp.</span> <span class='ocrx_word' id='word_1_345' title='bbox 951 3395 977 3443; x_wconf 83' lang='lat' dir='ltr'>q.</span> <span class='ocrx_word' id='word_1_346' title='bbox 990 3394 1012 3428; x_wconf 90' lang='lat' dir='ltr'>e.</span> <span class='ocrx_word' id='word_1_347' title='bbox 1025 3378 1042 3428; x_wconf 83' lang='lat' dir='ltr'>i.</span> <span class='ocrx_word' id='word_1_348' title='bbox 1054 3395 1079 3427; x_wconf 88' lang='lat' dir='ltr'>v.</span> <span class='ocrx_word' id='word_1_349' title='bbox 1091 3394 1116 3443; x_wconf 85' lang='lat' dir='ltr'>q.</span> <span class='ocrx_word' id='word_1_350' title='bbox 1128 3393 1183 3428; x_wconf 85' lang='lat' dir='ltr'>srne</span> <span class='ocrx_word' id='word_1_351' title='bbox 1199 3379 1268 3428; x_wconf 88' lang='lat' dir='ltr'>odiis</span> 
     </span>
     <span class='ocr_line' id='line_1_35' title="bbox 209 3440 1265 3508; baseline 0.002 -18"><span class='ocrx_word' id='word_1_352' title='bbox 209 3440 306 3490; x_wconf 87' lang='lat' dir='ltr'>transiit</span> <span class='ocrx_word' id='word_1_353' title='bbox 317 3441 371 3490; x_wconf 91' lang='lat' dir='ltr'>Mr.</span> <span class='ocrx_word' id='word_1_354' title='bbox 451 3447 501 3490; x_wconf 68' lang='lat'>⁸0.</span> <span class='ocrx_word' id='word_1_355' title='bbox 536 3451 637 3490; x_wconf 86' lang='lat' dir='ltr'>exornat</span> <span class='ocrx_word' id='word_1_356' title='bbox 651 3442 672 3489; x_wconf 88' lang='lat' dir='ltr'>F</span> <span class='ocrx_word' id='word_1_357' title='bbox 686 3442 730 3491; x_wconf 87' lang='lat' dir='ltr'>Gr.</span> <span class='ocrx_word' id='word_1_358' title='bbox 742 3450 782 3490; x_wconf 86' lang='lat' dir='ltr'>etc.</span> <span class='ocrx_word' id='word_1_359' title='bbox 816 3442 917 3492; x_wconf 81' lang='lat' dir='ltr'>decorat</span> <span class='ocrx_word' id='word_1_360' title='bbox 928 3444 974 3492; x_wconf 87' lang='lat' dir='ltr'>Fr.</span> <span class='ocrx_word' id='word_1_361' title='bbox 1050 3450 1097 3492; x_wconf 71' lang='lat'>⁸1.</span> <span class='ocrx_word' id='word_1_362' title='bbox 1131 3443 1265 3508; x_wconf 89' lang='lat' dir='ltr'>possidetis</span> 
     </span>
     <span class='ocr_line' id='line_1_36' title="bbox 209 3505 1265 3585; baseline 0.003 -30"><span class='ocrx_word' id='word_1_363' title='bbox 209 3507 230 3555; x_wconf 95' lang='lat' dir='ltr'>F</span> <span class='ocrx_word' id='word_1_364' title='bbox 264 3505 392 3570; x_wconf 80' lang='lat' dir='ltr'>possideas</span> <span class='ocrx_word' id='word_1_365' title='bbox 417 3507 468 3555; x_wconf 84' lang='lat' dir='ltr'>Wo.</span> <span class='ocrx_word' id='word_1_366' title='bbox 487 3507 530 3570; x_wconf 87' lang='lat' dir='ltr'>Sp.</span> <span class='ocrx_word' id='word_1_367' title='bbox 551 3508 605 3555; x_wconf 89' lang='lat' dir='ltr'>Mr.</span> <span class='ocrx_word' id='word_1_368' title='bbox 642 3506 749 3570; x_wconf 88' lang='lat' dir='ltr'>praesidi</span> <span class='ocrx_word' id='word_1_369' title='bbox 768 3514 805 3556; x_wconf 89' lang='lat' dir='ltr'>est</span> <span class='ocrx_word' id='word_1_370' title='bbox 823 3508 869 3556; x_wconf 89' lang='lat' dir='ltr'>Fr.</span> <span class='ocrx_word' id='word_1_371' title='bbox 897 3524 923 3573; x_wconf 73' lang='lat' dir='ltr'>q.</span> <span class='ocrx_word' id='word_1_372' title='bbox 944 3515 982 3558; x_wconf 92' lang='lat' dir='ltr'>est</span> <span class='ocrx_word' id='word_1_373' title='bbox 1002 3524 1027 3572; x_wconf 83' lang='lat' dir='ltr'>p.</span> <span class='ocrx_word' id='word_1_374' title='bbox 1048 3523 1122 3573; x_wconf 87' lang='lat' dir='ltr'>quam</span> <span class='ocrx_word' id='word_1_375' title='bbox 1140 3524 1165 3557; x_wconf 95' lang='lat' dir='ltr'>u.</span> <span class='ocrx_word' id='word_1_376' title='bbox 1186 3509 1265 3585; x_wconf 90' lang='lat' dir='ltr'>possi·</span> 
     </span>
     <span class='ocr_line' id='line_1_37' title="bbox 208 3571 1266 3637; baseline 0 -17"><span class='ocrx_word' id='word_1_377' title='bbox 208 3573 296 3620; x_wconf 91' lang='lat' dir='ltr'>dentes</span> <span class='ocrx_word' id='word_1_378' title='bbox 311 3571 430 3636; x_wconf 88' lang='lat' dir='ltr'>deprimit</span> <span class='ocrx_word' id='word_1_379' title='bbox 448 3573 491 3620; x_wconf 89' lang='lat' dir='ltr'>Gr.</span> <span class='ocrx_word' id='word_1_380' title='bbox 511 3571 554 3619; x_wconf 87' lang='lat' dir='ltr'>Or.</span> <span class='ocrx_word' id='word_1_381' title='bbox 571 3572 616 3620; x_wconf 86' lang='lat' dir='ltr'>Bo.</span> <span class='ocrx_word' id='word_1_382' title='bbox 657 3587 682 3636; x_wconf 90' lang='lat' dir='ltr'>q.</span> <span class='ocrx_word' id='word_1_383' title='bbox 700 3588 725 3636; x_wconf 89' lang='lat' dir='ltr'>p.</span> <span class='ocrx_word' id='word_1_384' title='bbox 741 3588 763 3621; x_wconf 86' lang='lat' dir='ltr'>e.</span> <span class='ocrx_word' id='word_1_385' title='bbox 782 3588 857 3636; x_wconf 86' lang='lat' dir='ltr'>quam</span> <span class='ocrx_word' id='word_1_386' title='bbox 873 3588 898 3621; x_wconf 92' lang='lat' dir='ltr'>n.</span> <span class='ocrx_word' id='word_1_387' title='bbox 916 3573 1067 3637; x_wconf 85' lang='lat' dir='ltr'>possidentis</span> <span class='ocrx_word' id='word_1_388' title='bbox 1084 3574 1203 3637; x_wconf 83' lang='lat' dir='ltr'>opprimrt</span> <span class='ocrx_word' id='word_1_389' title='bbox 1221 3574 1266 3623; x_wconf 84' lang='lat' dir='ltr'>Ri.</span> 
     </span>
     <span class='ocr_line' id='line_1_38' title="bbox 208 3637 1266 3700; baseline 0.001 -15"><span class='ocrx_word' id='word_1_390' title='bbox 208 3641 259 3685; x_wconf 70' lang='lat'>⁸2.</span> <span class='ocrx_word' id='word_1_391' title='bbox 294 3644 376 3700; x_wconf 89' lang='lat' dir='ltr'>potest</span> <span class='ocrx_word' id='word_1_392' title='bbox 394 3637 416 3684; x_wconf 93' lang='lat' dir='ltr'>F</span> <span class='ocrx_word' id='word_1_393' title='bbox 433 3645 492 3700; x_wconf 84' lang='lat' dir='ltr'>pote</span> <span class='ocrx_word' id='word_1_394' title='bbox 509 3637 611 3700; x_wconf 83' lang='lat' dir='ltr'>Ingolst.</span> <span class='ocrx_word' id='word_1_395' title='bbox 628 3637 708 3686; x_wconf 82' lang='lat' dir='ltr'>editor</span> <span class='ocrx_word' id='word_1_396' title='bbox 728 3638 779 3686; x_wconf 85' lang='lat' dir='ltr'>Wo.</span> <span class='ocrx_word' id='word_1_397' title='bbox 797 3639 852 3687; x_wconf 88' lang='lat' dir='ltr'>Mr.</span> <span class='ocrx_word' id='word_1_398' title='bbox 885 3654 936 3687; x_wconf 92' lang='lat' dir='ltr'>non</span> <span class='ocrx_word' id='word_1_399' title='bbox 953 3639 1024 3688; x_wconf 77' lang='lat' dir='ltr'>adest</span> <span class='ocrx_word' id='word_1_400' title='bbox 1041 3639 1063 3687; x_wconf 88' lang='lat' dir='ltr'>F</span> <span class='ocrx_word' id='word_1_401' title='bbox 1081 3639 1126 3689; x_wconf 88' lang='lat' dir='ltr'>Gr.</span> <span class='ocrx_word' id='word_1_402' title='bbox 1147 3639 1191 3688; x_wconf 88' lang='lat' dir='ltr'>Or.</span> <span class='ocrx_word' id='word_1_403' title='bbox 1213 3639 1266 3689; x_wconf 88' lang='lat' dir='ltr'>Wo.</span> 
     </span>
    </p>
   </div>
   <div class='ocr_carea' id='block_1_5' title="bbox 0 0 1340 4334">
    <p class='ocr_par' dir='ltr' id='par_1_8' title="bbox 0 0 1340 4334">
     <span class='ocr_line' id='line_1_39' title="bbox 0 0 1340 4334; baseline 0 0"><span class='ocrx_word' id='word_1_404' title='bbox 0 0 1340 4334; x_wconf 95' lang='lat' dir='ltr'> </span> 
     </span>
    </p>
   </div>
  </div>
 </body>
</html>
