2662 4334
81 317 126 379 40
341 315 504 367 PUBLILII
528 317 611 368 SYRI
633 317 881 370 SENTENTIAE.

82 472 306 537 Tacitumitas
328 473 430 537 stulto
452 473 579 539 homini
603 496 664 558 pro
686 477 850 559 sapientia
872 486 933 541 est.

81 573 174 634 Tam
191 575 293 635 deest
312 592 422 636 avaro
437 576 534 652 quod
548 575 667 654 habet,
683 595 791 654 quam
807 580 905 655 quod
921 596 995 641 non
1014 579 1130 643 habet.

39 682 67 744 Z
81 679 192 742 Tarde
214 681 272 743 sed
295 680 439 762 graviter
461 680 592 762 sapiens
615 700 709 744 mens
732 682 889 750 irascitur.
1087 696 1130 760 685

51 783 160 846 uTuti
183 793 260 847 sunt
282 804 409 858 omnes,
430 805 515 848 unus
537 785 594 848 ubi
616 784 811 849 defenditur.

34 887 66 950 Ο
81 889 295 971 Temptando
317 898 437 953 cuncta
459 890 547 953 caeci
570 909 703 972 quoque
726 899 799 953 tuto
822 890 1008 955 ambulant.

80 993 166 1056 Tam
190 995 290 1082 dese
313 994 416 1058 iudex
438 994 562 1057 iudicat
584 976 750 1076 quamde
773 1013 837 1057 reo.

29 1167 65 1228 Ψ
144 1167 211 1231 Vbi
235 1167 303 1232 sata
325 1177 473 1251 peccant,
496 1167 668 1231 hominum
691 1167 829 1232 consilia
851 1167 1023 1232 excidunt.

78 1271 244 1355 Voluptas
267 1295 285 1337 e
308 1271 432 1336 difficili
455 1272 536 1335 data
558 1272 749 1336 dulcissima
772 1283 830 1338 est.
1086 1287 1132 1354 690

78 1376 144 1439 Vbi
167 1379 275 1440 omnis
297 1379 387 1442 vitae
410 1386 518 1439 metus
540 1386 600 1452 est,
623 1398 712 1441 mors
734 1388 784 1442 est
806 1379 942 1462 optima.

78 1478 173 1542 Vnus
196 1482 278 1544 deus
300 1500 443 1564 poenam
467 1479 569 1557 affert,
591 1480 687 1544 multi
710 1470 871 1565 cogitant.

49 1582 144 1646 ⁶Vbi
166 1594 283 1666 peccat
305 1594 398 1648 aetas
421 1584 533 1661 maior,
557 1584 643 1648 male
666 1586 765 1650 discit
787 1587 901 1650 minor.

79 1687 144 1751 Vbi
167 1689 212 1751 nil
236 1690 380 1762 timetur,
402 1687 492 1768 quod
515 1688 672 1751 timeatur
694 1690 846 1753 nascitur.

142 1792 209 1855 Vbi
225 1793 270 1854 sis
286 1811 360 1855 cum
378 1792 443 1855 tuis
459 1801 493 1855 et
508 1791 605 1866 absis,
620 1792 762 1875 patriam
780 1813 846 1855 non
862 1792 1039 1858 desideres.
1060 1842 1063 1849 .
1086 1807 1132 1874 ⁶95

78 1895 204 1958 Verum
227 1905 287 1972 est,
309 1895 398 1977 quod
422 1915 482 1977 pro
504 1894 610 1958 salute
633 1894 670 1959 fit
693 1895 911 1958 mendacium.

78 1999 288 2081 Vbicumque
315 1999 423 2080 pudor
445 2007 503 2075 est,
526 2019 657 2080 semper
679 1999 723 2062 ibi
747 2008 861 2063 sancta
883 2008 934 2063 est
955 1997 1048 2064 fides.

33 2124 65 2170 ιο
143 2103 266 2167 Vtilius
287 2102 408 2166 serrum
431 2112 482 2166 est
505 2103 538 2166 in
562 2103 661 2181 sulc0‚
677 2123 777 2186 quam
801 2103 1002 2167 orichalcum
1023 2114 1076 2169 est
1099 2107 1132 2168 in

207 2207 340 2290 proelio.

79 2368 108 2411 4.
142 2362 213 2411 tarde
225 2361 244 2409 si
256 2360 355 2424 gravius
367 2359 404 2408 vir
414 2360 527 2409 irascitur
537 2369 562 2410 et
573 2361 689 2425 perbicax
700 2361 856 2411 ulcisciturT
888 2362 1135 2428 tardesedgraviter

79 2427 178 2492 sapiens
196 2427 308 2475 irascitur
327 2425 350 2474 Ο
392 2425 461 2474 tarde
478 2425 590 2475 irascitur
606 2426 644 2475 vir
663 2428 745 2491 gravis
764 2436 789 2476 et
805 2425 920 2492 pervicax
942 2427 1069 2477 ulciscitur
1089 2431 1131 2478 Ri.

79 2494 150 2542 tarde
172 2492 254 2556 gravis
271 2492 307 2539 ira
329 2491 438 2539 nascitur
461 2500 485 2540 et
508 2491 632 2540 ulciscitur
648 2493 693 2541 Fr.
727 2492 797 2541 tarde
815 2493 923 2541 nascitur
941 2493 1024 2557 gravis
1046 2494 1084 2543 ira
1107 2505 1132 2544 et

80 2559 195 2622 pervicax
207 2556 332 2605 ulciscitur
343 2556 387 2605 Fr.
418 2557 490 2604 tarde
501 2556 522 2605 si
533 2557 641 2605 exoritur
652 2557 711 2606 irast
721 2557 873 2621 pervicacior
884 2558 935 2607 Bu.
964 2559 1034 2608 tarde
1049 2560 1134 2623 gravis

80 2625 117 2672 ira
132 2631 156 2672 et
172 2623 287 2687 pervicax
305 2621 430 2670 ulciscitur
446 2622 498 2670 Bu.
531 2622 601 2671 tarde
617 2622 661 2671 sed
677 2623 785 2686 graviter
798 2637 858 2671 sana
873 2638 943 2672 mens
957 2623 1070 2673 irascitur
1086 2626 1132 2673 Fr.

80 2689 149 2737 tarde
159 2688 201 2737 sed
240 2688 319 2735 aviter
330 2685 428 2749 sapiens
438 2702 508 2735 mens
518 2686 645 2736 irascitur?
661 2687 706 2736 but
717 2687 759 2737 the
770 2695 885 2737 sentence
897 2703 976 2737 seems
987 2688 1021 2737 ho
1055 2690 1129 2754 lessly

79 2762 179 2817 corrupt
199 2753 207 2800 i
235 2752 326 2801 indeed
344 2751 368 2799 Τ
386 2750 435 2800 and
456 2752 479 2800 O
498 2752 532 2801 do
548 2761 592 2801 not
611 2753 712 2802 contain
728 2753 770 2802 the
785 2753 891 2802 remains
905 2752 934 2801 of
948 2761 999 2803 two
1033 2754 1038 2764 ’
1060 2765 1130 2805 erent

79 2828 215 2868 sentences.
282 2817 395 2877 Ohas4.
409 2815 432 2865 6.
446 2831 468 2880 7.

127 2884 239 2944 temon
251 2883 286 2943 Π]
300 2882 340 2944 (F)
353 2881 398 2930 has
413 2897 603 2949 1-9.1r-25;
628 2882 703 2945 dhas
715 2898 737 2932 2.
750 2896 774 2946 9.
790 2897 826 2946 17·
842 2881 884 2941 16;
907 2882 1017 2932 thasa.
1031 2899 1054 2946 5.
1067 2886 1092 2934 8.
1104 2899 1128 2948 9.

84 2948 120 2999 16.
136 2965 180 3006 20;
191 2947 345 3012 parhasa.
359 2963 381 3010 3.
396 2960 418 3008 5.
431 2947 490 3012 8.9.
506 2963 542 2997 ro
618 2952 647 2995 8.
681 2948 865 3012 vitaeFrrSp.
898 2948 950 2997 vita
964 2949 1008 2999 Gr.
1023 2950 1066 2999 Or.
1082 2950 1128 3000 Bo.

86 3015 188 3063 WnRi.
201 3015 256 3062 Mr.
269 3014 313 3062 Fr.
337 3011 464 3075 optimaF
479 3012 523 3062 Gr.
541 3013 657 3062 WaMr.
672 3014 716 3062 Fr.
740 3013 863 3076 optimum
874 3014 920 3062 Bo.
932 3015 975 3078 Sp.
1020 3020 1050 3063 4.
1068 3015 1132 3065 deus

80 3081 100 3127 F
123 3080 177 3129 dies
191 3080 235 3128 Gr.
254 3079 360 3141 Wo.Sp·
373 3078 426 3126 Mr.
440 3078 486 3125 Fr.
520 3093 595 3142 quam
609 3078 681 3127 multi
693 3079 836 3142 cogitantF
869 3078 941 3126 multi
958 3079 1069 3143 cogitant
1085 3081 1130 3130 Gr.

81 3146 124 3194 Or.
145 3145 191 3193 Bo.
220 3144 271 3192 Wo.
294 3145 337 3207 Sp.
372 3159 405 3190 m.
423 3142 549 3191 concitant
569 3143 669 3192 Schuetz
703 3159 728 3207 q.
748 3159 782 3191 m.
802 3143 878 3193 citant
897 3145 949 3192 Bu.
969 3145 1013 3193 Ri.
1047 3161 1073 3209 q.
1095 3162 1129 3194 m.

78 3210 188 3274 irrogant
200 3210 254 3257 Mr.
288 3224 312 3272 q.
326 3224 359 3255 m.
376 3207 525 3256 contrahunt
541 3209 592 3272 Hg.
626 3224 651 3272 q.
668 3225 701 3256 m.
718 3208 818 3272 exigant
832 3209 958 3258 Baehrens
989 3225 1053 3259 unus
1067 3210 1132 3260 deus

78 3291 184 3339 poenam
200 3274 278 3329 affert,
291 3273 363 3321 multi
378 3273 507 3337 cogitant?
524 3271 552 3336 (it
568 3274 589 3322 is
604 3283 649 3322 not
664 3282 748 3322 meant
765 3281 791 3322 to
806 3274 838 3323 be
852 3289 868 3322 a
879 3273 1004 3324 Christian
1016 3276 1130 3335 maxim).

78 3347 105 3388 ’1.
141 3340 182 3388 ubi
199 3339 231 3387 sis
245 3354 300 3388 cum
319 3338 367 3387 tuis
384 3347 409 3387 et
425 3338 491 3388 absis
508 3337 529 3386 F
549 3339 593 3387 Gr.
614 3339 657 3387 Or.
682 3339 731 3387 Wo.
749 3340 803 3388 Mr.
839 3339 882 3388 ubi
896 3355 953 3388 cum
968 3339 1016 3389 tuis
1031 3341 1064 3389 sis
1082 3343 1126 3406 Sp.

76 3422 100 3455 u.
122 3421 141 3453 s.
157 3422 178 3454 c.
201 3414 219 3452 t.
235 3413 262 3452 ut
277 3404 344 3452 absis
361 3404 406 3452 Bo.
440 3419 465 3451 u.
481 3419 500 3452 s.
519 3419 541 3453 c.
559 3411 577 3452 t.
595 3404 641 3453 etsi
657 3403 723 3452 absis
740 3405 782 3452 Ri.
818 3419 843 3453 u.
860 3420 880 3453 s.
897 3420 920 3454 c.
938 3412 957 3453 t.
974 3412 998 3454 et
1015 3405 1079 3455 bene
1096 3407 1132 3456 sis

124 3591 152 3633 a.
189 3584 291 3647 Quoted
306 3585 340 3648 by
356 3585 458 3643 Seneca,
475 3585 626 3634 Controvers.
643 3588 718 3649 7.18‚
735 3586 875 3650 Quintilian
891 3589 914 3637 8.
928 3603 951 3652 5.
964 3587 988 3644 6.
999 3589 1050 3637 and
1065 3606 1090 3656 9.
1104 3607 1119 3655 3

76 3671 115 3733 64,
130 3670 179 3717 and
193 3670 370 3732 Hieronymus,
386 3670 467 3732 Epist.
480 3683 518 3732 53.
