2664 4334
511 394 808 446 mruooucrrou.
1064 382 1186 445 xxxvii

232 555 299 613 The
323 553 420 613 codex
444 551 640 631 Frisingensis
665 552 724 613 had
751 553 830 612 been
857 552 951 612 found
980 549 1011 611 in
1043 569 1119 630 1599
1147 554 1186 630 by

234 654 357 711 Marcus
371 652 520 724 Velserus,
535 650 633 711 audit
648 650 672 711 is
687 651 840 728 supposed
855 652 919 712 that
933 651 985 711 the
999 669 1186 729 anonymous

233 750 330 810 editor
352 769 411 808 was
434 769 454 808 a
475 750 596 809 learned
620 747 726 827 Jesuit.
767 751 811 807 W.
839 751 942 825 Meyer
966 748 991 808 is
1019 750 1187 826 persuaded

232 848 298 907 that
325 846 348 907 it
376 866 435 907 was
463 845 558 922 Jacob
587 847 750 907 Gretserus.
794 844 943 905 Woelfflin
971 864 1037 924 says
1065 846 1100 904 os
1128 845 1187 906 this

233 944 350 1006 edition
366 950 423 1004 ‘est
437 945 522 1020 quasi
536 945 628 1003 altera
642 942 826 1016 Erasmiana,
835 942 867 1003 id
881 953 927 1002 est
941 941 1034 1002 editio
1048 941 1186 1020 princeps

232 1062 371 1103 versuum
385 1062 404 1101 a
417 1040 520 1101 litteris
535 1042 635 1100 N-V
643 1038 856 1117 incipientium,
868 1059 924 1100 nec
935 1052 1035 1100 tamen
1045 1041 1185 1118 cuiquam

234 1139 380 1201 editorum
405 1137 614 1209 recentiorum,
636 1157 675 1198 ne
698 1137 884 1214 Schweigero
909 1137 1031 1214 quidem
1057 1138 1184 1216 cognita.

233 1236 401 1296 Laudanda
415 1246 459 1296 est
473 1236 520 1296 vel
535 1237 594 1295 boc
613 1234 745 1308 nomine,
761 1236 844 1312 quod
863 1235 977 1296 litterae
997 1237 1038 1295 H.
1055 1237 1091 1297 G.
1107 1237 1135 1296 S.
1152 1238 1187 1296 F.

232 1333 355 1411 singulis
373 1333 507 1394 versibus
525 1332 681 1410 appositae
697 1346 748 1392 aut
769 1352 831 1393 non
849 1336 1004 1412 appositae
1024 1336 1185 1408 declarant,

232 1443 337 1515 utrum·
350 1432 392 1492 illi
411 1434 442 1491 in
461 1431 678 1509 exemplaribus
699 1431 825 1492 Henrici
842 1433 994 1510 Stephani,
1010 1433 1184 1506 Godofredi,

233 1529 372 1608 Scaligeri
386 1542 416 1591 et
435 1530 466 1588 in
487 1529 593 1590 codice
613 1529 794 1608 Frisingensi
813 1543 914 1592 extent
934 1551 1038 1605 necne,
1054 1542 1084 1592 et
1103 1533 1186 1608 quod

233 1628 330 1689 editor
344 1630 375 1687 in
389 1627 604 1688 commentario
624 1627 727 1688 critico
745 1627 840 1688 varias
860 1628 972 1689 codicis
993 1631 1025 1689 F.
1042 1629 1186 1691 lectiones

234 1747 271 1786 ex
284 1739 367 1804 parte
382 1727 487 1786 saltem
502 1724 641 1785 enotavit
685 1727 744 1786 Sed
759 1726 790 1785 in
809 1727 943 1787 versibus
966 1728 1186 1789 constituendis

234 1824 491 1902 expurgandisque
515 1823 633 1884 mendis
657 1822 781 1883 nimium
804 1843 868 1885 sese
893 1824 1053 1902 applicavit
1074 1826 1187 1887 codicis

232 1922 402 1999 scripturae,
432 1924 472 1982 ita
505 1933 538 1980 ut
571 1932 693 1998 postero
726 1921 833 1982 editori
863 1925 1010 2000 permulta
1037 1923 1186 2001 reliquerit

233 2021 377 2095 sananda,
400 2039 456 2080 nec
481 2021 574 2079 levius
599 2019 742 2078 damnum
765 2039 802 2080 eo
822 2020 921 2080 attulit
943 2021 1081 2094 Publilio,
1104 2023 1186 2099 quod

233 2118 383 2196 Scaligero
403 2119 562 2177 obsecutus
582 2119 620 2177 ab
639 2136 677 2176 eo
696 2116 800 2177 ordine
821 2116 954 2188 descivit,
970 2137 1032 2195 quo
1053 2118 1186 2196 singulae

233 2214 398 2278 sententiae
411 2214 443 2274 in
457 2215 612 2275 codicibus
626 2214 808 2292 perscriptae
823 2214 910 2275 sunt.'

130 2353 177 2411 81.
223 2346 335 2430 [Adam
351 2340 519 2429 Sa'rtorius.]
563 2348 685 2425 Ingolst.
733 2350 818 2407 1602.
862 2349 899 2407 In
914 2349 965 2408 the
978 2349 1074 2408 works
1088 2351 1123 2408 of
1141 2352 1184 2409 M.

232 2449 270 2504 A.
291 2448 445 2519 Muretus,
469 2464 503 2503 11
526 2463 617 2522 pages
637 2446 671 2504 of
687 2447 909 2522 prolegomena,
928 2448 984 2522 981
1007 2464 1105 2506 verses
1124 2449 1184 2507 and

232 2563 268 2616 41
286 2561 376 2620 pages
391 2543 426 2602 of
435 2554 539 2616 notes,
562 2542 665 2620 priced
683 2564 740 2620 135.
758 2545 804 2603 od.
822 2544 912 2620 lately
925 2544 965 2620 by
979 2543 1170 2620 Tregaskis.*

129 2678 177 2736 82.
223 2672 335 2755 [Adam
361 2670 528 2754 Sertorius]
571 2672 694 2750 Ingolst
742 2676 827 2749 1603.
871 2675 909 2732 In
935 2675 1079 2744 Muretus,
1105 2691 1186 2733 men-

232 2771 336 2832 tioned
357 2773 397 2848 by
418 2769 575 2831 Woelfflin.

130 2912 179 2985 83.
223 2913 263 2980 4⁰.
307 2907 419 2967 Genev.
465 2908 552 2980 1603.
597 2905 634 2963 ln
658 2902 710 2964 the
735 2904 873 2979 ‘Corpus
895 2900 1030 2962 omnium
1052 2911 1185 2962 veterum

232 3014 389 3081 poetarum
405 2999 581 3061 Latinomm
591 2999 612 3073 ';
633 2999 777 3076 arranged
791 2997 822 3057 in
836 2997 895 3058 loci
910 3017 1093 3058 communes.

129 3137 178 3209 84.
223 3135 250 3211 J.
274 3134 388 3194 Gruter.
433 3134 471 3191 8⁰.
517 3130 657 3192 Heidelb.
704 3133 790 3205 1604.
835 3133 885 3190 ‘L.
911 3129 1031 3190 Annaei
1055 3131 1187 3192 Senecae

231 3249 268 3290 ac
293 3228 391 3290 Publii
413 3229 476 3305 Syri
501 3227 593 3301 rnimi,
617 3229 714 3288 forsan
740 3239 768 3289 et
794 3226 918 3287 aliorum
940 3225 1100 3303 singulares
1123 3246 1187 3288 sen-

232 3324 342 3387 tentiae
362 3337 483 3384 centum
502 3323 616 3401 aliquot
635 3327 767 3385 versibus
787 3343 867 3384 nunc
886 3321 1013 3400 primum
1033 3334 1138 3382 auctae
1157 3334 1187 3382 et

233 3433 384 3483 correctae
405 3441 465 3499 ope
489 3423 576 3482 codd.
602 3423 805 3483 Palatinorum
830 3432 860 3481 et
882 3419 1095 3497 Frisingensis.’
1139 3423 1187 3481 Al-

233 3520 348 3596 though
363 3520 471 3579 Gruter
484 3520 544 3579 had
559 3519 619 3579 had
635 3521 732 3580 codex
752 3523 785 3579 H
805 3520 840 3580 of
856 3516 1015 3578 collection
1035 3521 1074 3588 H,
1090 3518 1187 3578 codex

233 3620 257 3676 F
272 3618 308 3677 os
316 3622 351 3689 Ψ,
367 3617 428 3676 and
442 3619 555 3677 several
570 3633 636 3677 mss.
650 3618 685 3677 of
696 3619 719 3677 Σ
733 3617 920 3695 presumably
931 3614 1033 3676 before
1047 3613 1093 3674 his
1107 3633 1184 3690 eyes,

233 3727 283 3793 yet
304 3716 343 3775 he
364 3714 416 3775 did
438 3726 493 3775 not
513 3734 563 3776 see
584 3715 635 3776 the
656 3715 781 3776 relation
799 3713 895 3774 which
916 3711 1031 3774 existed
1051 3712 1186 3772 between
