2664 4334
187 355 246 418 xiv
563 372 860 425 uvrnonucrrou.

172 528 281 605 Pliny,
296 530 434 589 Historia
447 532 616 603 Naturalis,
632 548 680 608 35,
696 532 734 608 58
750 531 835 608 (199)
848 554 854 590 :

247 625 330 685 ‘Alia
346 639 428 687 creta
446 627 610 705 argentaria
628 630 794 705 appellatur
813 629 940 690 nitorem
959 641 1083 708 argento
1102 630 1239 692 reddens.

187 725 241 783 Est
264 734 295 784 et
318 724 467 799 vilissima,
490 745 549 802 qua
572 725 684 785 circum
709 727 892 804 praeducere
912 726 950 786 ad
973 726 1115 788 victoriae
1135 740 1239 789 notam

185 823 338 901 pedesque
371 824 521 885 venalium
551 837 632 884 trans
664 823 757 883 maria
791 825 984 884 advectorum
1017 825 1161 886 denotare
1196 825 1239 885 in·

185 919 341 982 stituerunt
366 921 493 982 maiores
516 923 665 999 talemque
688 920 849 983 Publilium
870 921 1078 983 Antiochium¹
1102 922 1241 985 mimicae

185 1037 294 1079 scenae
310 1019 495 1081 conditorem
516 1031 546 1081 et
565 1018 740 1098 astrologiae
759 1020 973 1081 consobrinum
993 1022 1058 1083 eius
1079 1023 1240 1083 Manilium

185 1117 379 1195 Antiochum,
394 1117 466 1180 item
479 1118 688 1197 grammaticae
707 1118 874 1180 Staberium
894 1121 1016 1181 Erotem
1036 1121 1143 1182 eadem
1163 1141 1241 1183 nave

185 1216 326 1278 advectos
341 1216 440 1278 videre
455 1216 565 1295 proavi.
610 1217 669 1278 Sed
684 1217 758 1294 quid
771 1217 827 1277 hos
840 1219 948 1279 referat
966 1218 1073 1297 aliquis
1088 1219 1239 1281 literarum

184 1315 298 1375 honore
313 1315 540 1375 commendatos
550 1314 579 1375 ?'

185 1446 281 1505 Aulus
294 1444 418 1517 Gellius,
434 1448 537 1505 Noctes
550 1447 673 1518 Attr'coe,
692 1463 736 1520 17,
756 1465 811 1518 14:

245 1544 442 1606 “Sententiae
466 1565 501 1605 ex
526 1544 645 1605 Publilii
670 1544 768 1605 mimis
792 1547 921 1606 selectae
945 1545 1114 1624 lepidiores.
1159 1550 1239 1610 Pub-

183 1641 262 1704 lilius
290 1641 398 1704 mimos
426 1642 600 1720 scriptitavit
627 1643 793 1721 dignusque
820 1643 939 1705 habitus
968 1658 1021 1718 est,
1050 1645 1102 1725 qui
1130 1666 1240 1726 suppar

185 1740 312 1804 Laberio
336 1739 519 1802 iudicaretur.
565 1743 599 1802 C.
624 1754 724 1802 autem
749 1743 909 1803 Caesarem
934 1743 975 1803 ita
1000 1743 1119 1805 Laberii
1147 1747 1237 1806 male-

183 1837 314 1901 dicentia
327 1851 357 1900 et
372 1839 538 1918 arrogantia
552 1840 731 1913 offendebat,
748 1852 780 1900 ut
800 1841 982 1918 acceptiores
1002 1853 1032 1903 et
1051 1844 1237 1921 probatiores

183 1935 239 1998 sibi
264 1957 328 2000 esse
355 1939 474 1999 Publilii
499 1957 590 2015 quam
616 1939 733 1999 Laberii
761 1938 869 2000 mimos
897 1943 1090 2018 praedicaret.
1135 1944 1237 2005 Huius

185 2036 303 2097 Publilii
318 2036 483 2099 sententiae
497 2039 629 2097 feruntur
642 2039 801 2115 pleraeque
816 2037 934 2115 lepidae
949 2051 979 2099 et
993 2039 1032 2099 ad
1043 2059 1235 2102 communem

182 2152 354 2197 sermonum
379 2155 464 2197 usum
493 2135 810 2196 commendatissimae
857 2139 901 2195 Ex
929 2136 1036 2214 quibus
1064 2150 1135 2198 sunt
1162 2138 1235 2200 istae

183 2233 303 2312 singulis
322 2233 453 2296 versibus
474 2232 719 2311 circumscriptae,
737 2254 812 2311 quas
832 2234 948 2295 libitum
968 2235 1067 2296 hercle
1086 2248 1131 2296 est
1151 2237 1236 2297 ascri-

183 2331 271 2395 bere:

265 2445 398 2505 ‘Malum
420 2454 465 2504 est
485 2443 651 2517 consilium,
674 2446 755 2522 quod
778 2447 882 2506 mutari
905 2465 967 2507 non
987 2457 1094 2524 potest.

264 2541 445 2605 Beneficium
467 2543 569 2604 dando
590 2543 715 2621 accepit,
737 2542 787 2620 qui
808 2543 900 2621 digno
922 2543 1021 2604 dedit'
1037 2554 1092 2605 etc.
1109 2546 1184 2606 etc''

183 2670 364 2743 Macrobius,
379 2672 531 2733 Saturnal.
550 2693 574 2731 a.
594 2691 619 2748 7,
639 2694 651 2731 1
670 2683 741 2733 etc:

244 2773 331 2835 “Sed
345 2772 415 2849 quia
430 2783 459 2833 et
473 2772 563 2849 paulo
577 2781 648 2832 ante
662 2770 799 2832 Aurelius
813 2771 1008 2849 Symmachus
1027 2784 1056 2832 et
1077 2792 1134 2850 ego
1152 2793 1234 2835 nunc

183 2869 299 2933 Laberii
314 2870 438 2932 lecimus
452 2870 646 2942 mentionem,
662 2869 686 2930 si
700 2868 799 2946 aliqua
812 2869 900 2930 huius
913 2881 1003 2948 atque
1018 2871 1137 2932 Publilii
1154 2873 1234 2935 dicta

181 2970 349 3043 reseremus,
378 2967 544 3029 videbimur
571 2979 601 3029 et
629 2967 792 3029 adhibendi
820 2967 957 3028 convivio
986 2968 1094 3029 mimos
1125 2969 1233 3033 vitasse

181 3065 330 3130 lasciviam
345 3078 375 3129 et
391 3079 490 3127 tamen
505 3064 717 3140 celebritatem,
733 3085 823 3143 quam
838 3085 906 3126 cum
923 3065 1032 3126 adsunt
1045 3065 1088 3126 illi
1105 3067 1233 3129 excitare

181 3166 366 3247 pollicentur,
402 3164 517 3226 imitari.
571 3163 731 3225 Laberium
765 3183 887 3242 asperae
921 3163 1064 3225 libertatis
1100 3165 1232 3242 equitem

185 3266 353 3328 Romanum
375 3264 485 3325 Caesar
503 3261 671 3340 quingentis
691 3260 820 3321 millibus
841 3260 975 3322 invitavit
996 3274 1029 3322 ut
1049 3263 1181 3340 prodiret
1202 3265 1233 3324 in

181 3382 300 3428 scenam
320 3373 350 3425 et
372 3360 435 3440 ipse
456 3373 555 3437 ageret
575 3359 683 3420 mimos
702 3379 777 3437 quos
797 3358 977 3437 scriptitavit.
1021 3361 1082 3421 Sed
1100 3373 1233 3439 potestas

180 3482 241 3527 non
261 3463 357 3525 solum
378 3460 402 3522 si
423 3459 526 3520 invitet
545 3460 597 3521 sed
618 3459 706 3520 etiam
728 3459 752 3519 si
774 3459 923 3536 supplicet
943 3458 1032 3537 cogit,
1047 3460 1128 3520 unde
1149 3479 1181 3521 se
1203 3473 1232 3522 et

183 3560 323 3624 Laberius
336 3580 355 3621 a
370 3560 497 3623 Caesare
512 3569 648 3618 coactum
664 3556 696 3617 in
710 3559 834 3635 prologo
849 3568 973 3618 testatur
994 3557 1038 3618 his
1058 3558 1228 3620 versibus...

576 3707 585 3739 ¹
604 3705 744 3758 ‘lochium’
757 3707 834 3758 MSS.
