2664 4334
354 387 516 438 PUBLILII
540 387 624 438 SYRI
647 387 894 438 SENTENTIAE.
1131 389 1150 455 3

86 544 152 607 Ad
177 545 419 628 poenitendum
442 553 598 626 properat
619 545 686 607 cito
709 544 766 626 qui
789 544 921 608 iudicat

161 649 305 713 Aleator
324 658 450 732 quanto
470 650 504 712 in
526 657 597 712 arte
617 657 668 712 est
683 649 801 730 potior,
816 658 912 712 tanto
934 658 985 712 est
1006 649 1153 731 nequior.

91 753 207 816 Amor
229 754 357 816 otiosae
378 773 480 816 causa
501 752 743 817 sollicitudinis.

34 856 75 919 Π
93 856 248 920 Avidum
272 877 344 920 esse
366 866 497 940 oportet
520 856 696 934 neminem,
720 855 856 919 minime
878 876 1002 923 senem.
1121 886 1151 933 35

41 979 79 1024 ao
93 961 227 1024 Animo
249 961 353 1024 virum
378 960 527 1044 pudicae,
550 981 617 1023 non
640 959 738 1024 oculo
760 959 896 1042 eligunt

94 1064 257 1128 Amantis
280 1065 507 1129 iusiurandum
530 1085 673 1147 poenam
698 1084 764 1127 non
787 1063 900 1128 habet.

95 1169 231 1232 Amans
253 1169 338 1231 sicut
360 1167 418 1232 sax
441 1169 600 1250 agitando
622 1168 905 1249 ardescitmagis.

95 1271 209 1335 Amor
231 1281 268 1335 ut
289 1270 425 1335 lacrima
447 1272 550 1335 oculis
573 1272 685 1348 oritur,
707 1274 741 1335 in
764 1282 881 1355 pectus
903 1272 1002 1335 cadit

43 1377 228 1446 aoAnimo
250 1376 425 1460 imperabit
447 1377 589 1460 sapiens,
613 1377 734 1441 stultus
757 1377 885 1440 serviet
1122 1407 1155 1454 40

96 1481 259 1544 Amicum
281 1502 324 1544 an
347 1501 469 1544 nomen
493 1481 626 1559 habeas,
648 1481 755 1562 aperit
778 1481 960 1544 calamitas.

96 1586 220 1649 Amori
241 1584 342 1647 finem
364 1594 507 1667 tempus
529 1605 595 1647 non
619 1584 750 1648 animus
773 1584 859 1648 facit

52 1689 271 1764 zAudendo
293 1689 396 1752 virtus
418 1689 544 1764 crescit,
565 1687 731 1751 tardando
753 1688 861 1752 timor.

97 1794 277 1858 Auxilium
300 1791 484 1875 profligatis
506 1792 709 1856 contumelia
731 1802 789 1858 est

48 1932 85 1977 ῃ
167 1897 307 1962 Affatim
320 1896 453 1960 fortuna
469 1897 495 1959 si
511 1917 618 1980 aequa
630 1895 767 1979 longum
781 1916 848 1959 non
861 1895 963 1959 habet
973 1895 1152 1960 interitum.

99 2002 216 2065 Avaro
238 2001 356 2066 acerbo
379 2021 487 2084 poena
510 2010 629 2064 natura
652 2010 703 2064 est
725 2022 794 2067 sua.
1120 2013 1152 2078 46

99 2105 215 2169 Avaro
236 2106 295 2168 vix
318 2113 369 2168 est
391 2105 469 2180 vita,
491 2105 550 2167 sed
574 2124 662 2168 mors
686 2104 824 2186 longior.

98 2211 257 2274 Alienum
280 2210 337 2293 qui
359 2218 432 2273 orat
455 2228 588 2273 causam
612 2229 648 2272 se
670 2208 784 2290 culpat
806 2228 907 2272 reum.

99 2370 153 2415 ⁸2.
187 2374 304 2430 provocat
323 2365 361 2414 Pb
377 2365 427 2415 cito
446 2372 563 2428 preparat
581 2363 602 2413 C
619 2364 728 2413 vindicat
745 2363 766 2414 C
783 2371 902 2428 provocat
919 2363 963 2428 qui
980 2363 1089 2412 vindicat
1106 2365 1148 2428 Sp.

99 2437 153 2481 88.
187 2440 281 2495 quanto
295 2432 347 2481 loa.
365 2430 552 2479 Saresberiensis
566 2430 657 2478 Policr.
673 2433 696 2480 8.
711 2429 735 2479 6.
752 2430 773 2479 C
790 2431 839 2479 Er.
857 2436 978 2493 quantum
994 2429 1049 2492 1.,E
1065 2428 1153 2478 melior

98 2498 134 2561 B,
150 2499 199 2546 Er.
218 2496 316 2546 doctior
331 2497 384 2546 loa.
401 2495 497 2544 Sarcsb.
517 2495 561 2544 Gr.
583 2494 665 2543 dotior
684 2495 705 2544 C
723 2494 750 2556 []
767 2495 883 2544 PRFVE
902 2509 946 2543 aor
963 2493 980 2544 S
999 2494 1083 2558 potior
1100 2495 1151 2542 Bu.

97 2564 143 2626 Sp.
152 2562 240 2611 melior
252 2562 303 2611 Wo.
332 2567 401 2611 tante
413 2559 450 2609 Pb
462 2567 532 2609 tanto
541 2559 602 2608 with
611 2560 771 2610 theoerased
783 2559 813 2607 Β.
841 2567 879 2609 est
890 2559 1006 2609 PRFEC
1017 2566 1055 2608 est
1067 2559 1152 2609 erased

99 2628 123 2676 B
133 2627 258 2692 nequitior
267 2627 297 2677 C.
372 2631 424 2673 84.
459 2632 496 2674 est
507 2624 563 2688 CB.
574 2625 680 2675 omitted
691 2626 724 2689 by
736 2625 779 2674 the
790 2625 862 2674 other
873 2625 979 2675 codices.
1008 2627 1032 2673 11
1045 2624 1096 2685 (H)
1107 2623 1152 2672 has

99 2691 124 2742 6.
139 2706 179 2756 35.
192 2691 232 2756 36.
247 2707 284 2743 12.
300 2707 336 2755 13.
352 2705 389 2755 15.
404 2691 441 2741 16.
456 2704 561 2753 37-41.
576 2694 613 2741 18.
628 2707 665 2740 aa.
680 2705 718 2753 ²3·
729 2683 768 2741 26.
781 2705 820 2753 32·
831 2691 869 2739 28.
880 2704 904 2738 2.
915 2705 953 2753 4²·
990 2691 1017 2738 Ψ
1028 2689 1104 2752 [from
1116 2690 1151 2750 Π]

100 2757 170 2822 (FV)
182 2758 228 2806 has
239 2771 344 2822 35-42.
378 2755 453 2806 Shas
466 2755 508 2819 (by
520 2771 535 2804 a
546 2756 608 2805 later
620 2755 696 2819 band)
710 2758 748 2819 38.
765 2769 804 2819 37.
817 2772 857 2818 4²·
870 2771 910 2818 40.
989 2761 1039 2803 88.
1073 2755 1150 2803 nemi·

99 2838 159 2873 nem
174 2823 221 2871 uisi
232 2823 279 2870 FV
289 2837 321 2872 ue
336 2821 438 2870 minime
454 2821 481 2869 H
497 2822 623 2869 neminem
640 2821 742 2869 minime
761 2822 805 2870 Gr.
821 2820 913 2870 nedum
930 2820 972 2884 Sp.
992 2820 1087 2868 nummi
1104 2821 1148 2868 Fr.

99 2889 152 2953 Hg.
190 2888 260 2937 After
274 2904 299 2935 v.
315 2885 346 2950 36
361 2903 398 2935 we
415 2886 467 2935 find
484 2886 631 2935 Amantium
647 2887 684 2934 ira
700 2885 791 2935 amoris
807 2884 940 2949 integratio
956 2891 993 2934 est
1006 2884 1074 2934 irom
1091 2885 1150 2933 Ter.

99 2954 181 3002 Andr.
199 2970 223 3018 3.
242 2967 265 3015 3.
283 2966 329 3016 ²33
349 2951 398 3001 this
415 2967 473 3015 may
488 2951 552 3001 have
569 2952 632 3000 been
649 2951 825 3015 appropriated
841 2951 875 3015 by
893 2949 1014 2999 Publilius
1031 2950 1077 2998 but
1093 2965 1120 2998 as
1136 2965 1152 2997 a

103 3018 225 3068 ‘familiar
234 3015 377 3082 quotation’
388 3024 480 3067 cannot
491 3016 563 3081 fairly
574 3017 605 3065 be
619 3016 735 3081 assigned
750 3022 776 3064 to
790 3015 851 3064 him.
950 3021 1002 3063 88.
1036 3016 1071 3065 ita
1083 3021 1109 3064 ut
1123 3015 1150 3063 H

100 3084 163 3133 sicut
175 3083 255 3132 FVrS
267 3098 333 3146 mag.
345 3083 397 3130 ard.
411 3082 501 3132 Fvns.
613 3087 662 3131 88.
698 3081 731 3129 ab
742 3080 820 3129 oculis
831 3081 909 3128 FVur
920 3080 998 3130 oculis
1010 3080 1037 3128 H
1050 3081 1092 3129 Gr.
1106 3080 1148 3129 Or.

101 3150 154 3198 Mr.
174 3149 207 3198 ab
224 3147 298 3197 oculo
320 3148 369 3196 Wo.
406 3148 497 3196 amoris
515 3145 617 3196 lacrima
635 3147 667 3195 ab
685 3146 764 3195 oculis
781 3145 807 3193 in
823 3153 910 3209 pectus
925 3145 993 3195 cadit
1007 3147 1051 3210 Sp.
1084 3152 1152 3194 ortus

99 3213 179 3264 oculis
189 3213 289 3262 Nauck.
322 3228 392 3261 amor
406 3220 433 3262 ut
448 3212 550 3261 lacrima
565 3211 676 3261 oboritur
691 3211 777 3270 oculis,
792 3211 870 3260 oculis
885 3211 911 3258 in
926 3219 1013 3274 pectus
1028 3209 1095 3259 cadit
1105 3211 1151 3258 Fr.

102 3281 120 3327 Ζ
133 3278 182 3342 (Μ)
195 3279 241 3328 has
256 3293 292 3329 ιο.
305 3292 344 3340 42.
357 3292 396 3339 40.
410 3279 515 3342 43-48.
529 3276 567 3327 26.
582 3291 621 3342 49.
635 3279 674 3326 28.
688 3291 727 3339 50.
740 3289 779 3336 51.
889 3280 940 3324 ⁴8.
977 3275 1111 3325 Audiendo
1123 3275 1150 3324 M

100 3345 151 3394 aud
165 3344 231 3394 endo
243 3342 303 3392 with
314 3342 357 3392 the
369 3343 381 3391 i
389 3341 475 3392 erased
486 3344 513 3391 Φ.
648 3348 700 3389 ⁴7.
733 3357 821 3390 avarus
832 3356 883 3389 non
894 3340 946 3389 vita
957 3340 1023 3389 vivet
1036 3341 1064 3388 M
1076 3355 1152 3389 avaro

101 3426 152 3459 uon
163 3417 200 3459 est
211 3409 263 3458 vita
274 3409 325 3457 Bu.
337 3409 392 3457 Mr.
426 3422 501 3457 avaro
511 3405 681 3457 vitavixesti
778 3411 831 3455 48.
865 3404 982 3454 Alienam
995 3405 1037 3470 qui
1048 3406 1151 3469 suscipit

101 3491 201 3524 oausam
217 3481 296 3524 semet
313 3472 426 3522 criminat
440 3488 494 3521 esse
508 3488 590 3522 rerum
608 3473 636 3520 M
654 3472 687 3520 al.
702 3488 727 3536 q.
744 3487 767 3521 ο.
786 3487 807 3520 c.
825 3486 852 3519 se
867 3470 952 3534 culpat
969 3486 1038 3520 reum
1053 3471 1152 3520 Meiscr.

150 3645 202 3688 88.
237 3639 278 3689 Cf.
297 3639 350 3687 Ioa.
367 3637 568 3698 saresberiensis,
588 3638 678 3686 Policr.
699 3639 721 3686 8.
742 3635 757 3686 6
777 3635 904 3683 “Aleator
921 3633 1155 3698 quanto...doctior,

101 3730 172 3772 tanto
183 3717 315 3786 nequior.’'

987 3790 1068 3878 i-2
