2664 4334
432 366 605 418 PUBLILll
621 366 703 416 SYRI
727 355 975 417 SENTENTIAE.
1197 367 1231 414 11

176 524 357 613 Dominari
381 546 425 588 ex
447 535 542 608 parte
565 534 616 588 est
639 545 714 588 cum
738 524 887 607 superior
908 522 1084 607 supplicat.

178 626 322 692 Decima
344 629 426 693 hora
448 629 572 693 amicos
595 629 704 712 plures
727 630 834 712 prima
857 629 1004 712 reperiet
1190 656 1236 703 170

137 829 295 898 ZEtiam
319 833 512 897 innocentes
535 834 625 915 cogit
648 832 778 897 mentiri
802 832 905 896 dolor.

179 936 295 999 Etiam
319 937 353 999 in
375 946 513 1021 peccato
536 946 624 1001 recte
647 946 834 1019 praestatur
855 935 946 1002 fides.

179 1039 295 1102 Etiam
319 1039 469 1104 celeritas
492 1040 525 1103 in
548 1040 713 1104 desiderio
736 1061 830 1104 mora
851 1050 910 1105 est

179 1144 237 1206 Ex
261 1145 343 1208 vitio
366 1145 501 1209 alterius
523 1145 657 1227 sapiens
679 1145 837 1208 emendat
859 1165 966 1209 suum.

150 1249 227 1318 rEt
248 1248 345 1312 deest
367 1259 401 1313 et
422 1258 572 1334 superest
595 1249 721 1312 miseris
744 1248 910 1331 cogitatio.

179 1352 295 1414 Etiam
318 1351 466 1416 oblivisci
490 1353 570 1436 quid
594 1354 648 1428 sis,
670 1354 838 1417 interdum
860 1353 1010 1435 expedit.

179 1456 237 1518 Ex
259 1455 434 1520 hominum
456 1466 576 1540 questu
600 1457 688 1521 facta
712 1458 860 1521 Fortuna
882 1466 932 1520 est
955 1456 1027 1520 dea.

179 1560 340 1642 Effugere
362 1560 580 1643 cupiditatem
605 1582 744 1644 regnum
767 1571 818 1625 est
839 1561 979 1625 vincere.

246 1655 364 1742 Exsul,
383 1665 438 1729 ubi
459 1666 489 1728 ei
510 1685 675 1749 nusquam
697 1667 817 1729 domus
839 1674 899 1741 est,
918 1665 989 1728 sine
1009 1662 1162 1747 sepulcro
1184 1673 1235 1726 est

311 1778 469 1834 mortuus.

134 1885 166 1931 ιο
180 1873 294 1937 Etiam
319 1874 375 1956 qui
398 1872 525 1938 faciunt
546 1873 689 1937 oderunt
712 1873 872 1937 iniuriam.
1191 1889 1238 1936 180

180 1977 318 2062 Eripere
341 1977 454 2056 telum,
476 1999 544 2042 non
567 1979 647 2042 dare
669 1979 754 2043 irato
776 1979 880 2044 decet.

179 2081 350 2146 Exsilium
374 2082 507 2163 patitur,
531 2082 657 2164 patriae
679 2082 736 2164 qui
759 2102 795 2145 se
817 2083 971 2166 denegat.

180 2187 292 2250 Etiam
317 2185 455 2268 capillus
478 2207 564 2250 unus
586 2185 687 2250 habet
710 2186 863 2250 umbram
886 2207 990 2250 suam.

178 2351 260 2414 legem
277 2350 352 2400 iudex
368 2349 537 2400 misericordia
552 2351 596 2426 Sp.
613 2351 756 2400 dissolvitur
772 2351 812 2401 lex
827 2366 884 2401 cum
899 2350 927 2401 fit
938 2351 1012 2402 iudex
1028 2351 1166 2401 misericors
1177 2352 1231 2402 Mr.

180 2418 231 2464 22.
264 2415 389 2464 dominari
408 2431 440 2465 ex
459 2423 530 2480 parte
548 2415 685 2465 dmoscltur
707 2417 747 2466 cui
769 2416 881 2480 superior
902 2417 1043 2482 supplicare
1065 2417 1162 2467 videtur
1182 2418 1237 2466 MT

177 2480 322 2529 dominatur
336 2481 427 2545 partim
442 2481 482 2530 cui
492 2481 605 2546 superior
615 2481 739 2546 supplicat
750 2482 840 2545 Haupt
852 2482 975 2531 dominari
990 2498 1020 2531 ex
1037 2489 1108 2546 parte
1124 2489 1161 2532 est
1177 2498 1233 2531 cum

179 2545 293 2610 superior
304 2545 429 2610 supplicat
438 2547 494 2595 Mr.
599 2551 650 2595 28.
686 2546 784 2596 decima
795 2547 856 2596 hora
867 2547 961 2597 amicos
972 2548 1056 2612 plures
1067 2563 1143 2612 quam
1153 2547 1234 2612 prima

177 2610 286 2686 reperies
297 2611 327 2659 M
342 2611 467 2687 repperies
482 2612 541 2661 Td.
556 2611 582 2660 h.
591 2627 641 2661 am.
653 2611 688 2675 pl.
702 2613 785 2687 prium¹
799 2613 905 2676 reperiet
916 2613 959 2662 Ri.
974 2612 999 2661 d.
1011 2612 1036 2662 h.
1051 2612 1146 2676 ampl
1160 2628 1235 2676 quam

177 2676 433 2802 pundalllllllllhtlhqhs
447 2675 1004 2807 mmm.omitpintgoffipgmismpgnalsss:
1019 2754 1091 2806 7.13.
1105 2756 1130 2807 9.
1144 2757 1182 2791 ιο.
1197 2758 1233 2791 12.

180 2806 271 2857 11.16.
292 2821 318 2868 53
337 2805 414 2856 Shas
432 2809 501 2857 1-8.
522 2822 595 2874 13.9.
615 2822 652 2857 12.
674 2823 710 2857 11.
731 2806 840 2870 14-163
859 2809 876 2855 Z
894 2807 940 2856 has
958 2824 978 2858 1.
991 2827 1013 2870 4.
1026 2807 1048 2857 6.
1067 2806 1178 2873 16.8.9.
1196 2822 1233 2857 11.

180 2887 219 2921 ιι.
234 2888 277 2934 15;
294 2871 406 2932 *Mitem
417 2872 449 2933 Σ]
461 2871 503 2932 (F)
515 2872 560 2921 has
574 2870 660 2922 1—16.
745 2878 770 2922 1.
806 2872 945 2922 innocentis
957 2873 1051 2922 PRBA
1068 2872 1119 2922 Wo.
1132 2874 1177 2921 Ri.
1189 2875 1231 2936 Sp.

176 2937 337 2986 innocentem
348 2937 368 2984 Z
379 2936 522 2987 innocentes
532 2936 576 2986 FC
588 2937 636 2987 Er.
654 2938 697 2987 Go.
713 2938 756 2987 Or.
768 2937 813 2988 Bo.
830 2940 881 2987 Mr.
894 2939 939 2986 Fr.
1049 2943 1077 2988 2.
1114 2944 1139 2987 et
1149 2945 1233 2986 tamen

178 3013 238 3052 uss,
258 3001 335 3051 etiam
349 3002 375 3050 in
388 3003 431 3051 Ps.
447 3003 522 3052 etiam
537 3003 587 3051 Er.
620 3002 679 3052 huic
690 3011 794 3067 peccato
806 3004 827 3051 F
839 3004 936 3067 peccari
949 3003 966 3053 S
978 3003 1004 3052 in
1016 3010 1119 3066 peccato
1131 3003 1173 3051 Ps.
1188 3004 1233 3051 Gr.

176 3068 223 3117 Be.
239 3066 282 3117 Or.
296 3067 343 3117 Bo.
354 3068 408 3117 Mr.
421 3067 534 3132 peccanti
551 3068 600 3117 Wo.
614 3068 713 3132 periuro
725 3069 769 3116 Fr.
848 3074 877 3116 4.
912 3084 942 3117 ex
954 3068 1015 3117 vitio
1026 3068 1127 3116 alterius
1139 3066 1232 3117 LCEO

176 3134 227 3182 Er.
247 3133 292 3182 Gr.
310 3133 354 3181 Be.
374 3133 417 3182 Or.
433 3133 479 3181 Bo.
495 3133 539 3196 Sp.
556 3133 611 3182 Mr.
631 3134 694 3182 alius
710 3134 753 3183 Ri.
779 3134 830 3182 Wo.
848 3149 878 3182 ex
895 3133 957 3182 vitio
974 3133 1071 3198 sapiens
1088 3132 1171 3181 alieno
1188 3134 1232 3181 Fr.

178 3204 207 3247 0.
240 3198 284 3263 qui
304 3197 325 3247 C
345 3198 389 3247 Be.
404 3197 468 3246 from
485 3197 561 3247 Caius
581 3210 626 3246 MS.
643 3199 703 3261 Bip.
721 3199 801 3248 editor
824 3199 868 3248 Or.
885 3199 931 3247 Bo.
949 3199 993 3248 Fr.
1013 3198 1073 3261 quid
1093 3197 1125 3247 sit
1145 3210 1189 3246 ΜΒ.
1207 3197 1238 3246 of

177 3263 297 3313 Pithoeus
308 3264 352 3312 Ri.
367 3262 435 3329 quod
446 3262 480 3312 sis
490 3264 540 3311 Ρη.
553 3263 620 3326 quod
631 3263 679 3312 scis
690 3264 739 3311 Er.
755 3263 799 3312 Gr.
831 3263 874 3312 uid
885 3264 918 3312 sis
935 3263 985 3312 Wo.
998 3264 1053 3312 Mr.
1105 3268 1134 3311 0.
1168 3263 1233 3312 exuli

176 3329 220 3377 ubi
237 3341 296 3378 uss.
312 3336 401 3392 except
416 3328 434 3378 S
449 3327 531 3378 which
546 3327 591 3377 has
606 3327 663 3376 exul
677 3327 719 3377 ubi
735 3327 757 3377 C
772 3279 830 3377 exul
844 3328 883 3377 cui
899 3343 1026 3392 nunquam
1042 3326 1093 3376 aud
1109 3328 1129 3375 Z
1142 3327 1233 3393 simply

177 3394 250 3443 exuli.
286 3393 344 3443 exul
360 3393 441 3458 isqui
460 3394 504 3443 Gr.
516 3393 560 3442 Be.
572 3393 638 3443 exuli
654 3393 714 3457 quia
729 3393 857 3442 Baehrens
872 3394 928 3442 exul
945 3393 966 3442 si
984 3393 1089 3442 tibi...es
1108 3395 1149 3442 Ri.
1167 3392 1232 3442 exuli

177 3458 219 3507 ubi
236 3458 325 3521 [ubist]
344 3459 389 3523 Sp.
406 3458 447 3507 cui
466 3460 514 3507 Er.
535 3458 645 3507 exulanti
664 3458 707 3506 ubi
730 3458 780 3507 Wo.
798 3457 876 3507 exsuli
896 3457 965 3506 nulla
985 3459 1029 3507 Fr.
1050 3458 1115 3508 exuli
1135 3457 1156 3507 si
1175 3473 1232 3507 cum

176 3524 228 3588 Hg.
245 3539 268 3573 e.
284 3539 304 3572 s.
316 3525 356 3572 cui
371 3524 424 3588 Hg.
458 3525 483 3572 11
496 3521 544 3588 (Η)
556 3524 602 3572 has
614 3539 636 3587 3.
658 3539 679 3572 1.
692 3539 714 3586 5.
733 3535 769 3585 17.
787 3525 824 3572 18.
844 3523 1039 3590 19.11·13·16.
1057 3538 1101 3585 153
1117 3522 1232 3584 =11[srom

447 3711 493 3754 n.
527 3704 567 3756 Cf.
580 3705 684 3765 Seneca,
697 3705 726 3754 de
740 3705 835 3769 Tranq.
849 3719 870 3755 1.
888 3720 925 3771 19.
938 3705 962 3754 8.
