2664 4334
199 349 240 413 26
453 364 619 416 summu
641 365 726 417 sum
748 364 998 416 sauraurmn.

199 519 292 584 Nulli
315 521 444 586 facilius
466 542 567 603 quam
592 521 681 586 malo
704 523 851 586 invenies
875 542 1001 606 parem.

155 625 256 691 mNil
280 648 347 691 non
370 628 526 691 acerbum
550 628 641 710 prius
663 648 765 711 quam
789 637 958 691 maturum
982 627 1054 691 suit
1105 674 1108 679 -

200 732 330 795 Nocere
353 752 451 814 posse
474 740 507 795 et
531 731 619 796 nolle
641 732 713 795 laus
736 730 944 815 amplissima
966 740 1026 795 est.

200 835 279 899 Non
302 835 455 911 vincitur,
478 836 537 898 sed
560 837 672 912 vincit,
694 836 752 919 qui
775 836 865 899 cedit
888 836 964 898 suis.

200 941 392 1005 Necessitas
414 941 474 1004 dat
496 941 614 1023 legem,
638 962 704 1005 non
729 942 801 1024 ipsa
824 940 954 1024 accipit.

200 1044 324 1108 Nescio
347 1046 428 1128 quid
451 1045 567 1128 agitat,
590 1066 665 1109 cum
689 1046 815 1109 bonum
839 1047 990 1109 imitatur
1014 1045 1133 1110 malus.

156 1163 187 1207 su
201 1146 304 1212 Nulla
327 1147 501 1212 hominum
524 1150 631 1213 maior
652 1170 762 1233 poena
785 1159 835 1213 est
858 1170 960 1231 quam
983 1151 1173 1214 necessitas.

201 1254 279 1316 Non
303 1255 397 1319 novit
419 1255 524 1318 virtus
547 1254 730 1319 calamitati
753 1256 880 1318 cedere.

201 1357 393 1421 Necessitas
415 1359 459 1422 ab
481 1357 616 1422 homine
639 1378 726 1440 quae
747 1357 819 1421 vult
842 1359 1009 1440 impetrat.
1212 1387 1261 1434 440

201 1461 401 1526 Necessitati
424 1462 600 1545 quodlibet
621 1462 726 1526 telum
750 1462 833 1526 utile
856 1473 914 1526 est.

202 1567 332 1632 Nocere
354 1589 451 1633 casus
474 1588 541 1632 non
564 1568 651 1632 solet
674 1568 893 1631 constantiae.

158 1693 188 1738 so
202 1674 281 1738 Non
303 1684 383 1756 pote
406 1694 473 1737 non
497 1694 622 1757 sapere,
644 1674 701 1756 qui
724 1693 760 1735 se
783 1670 924 1735 stultum
947 1671 1124 1754 intellegit.

202 1779 393 1843 Necessitas
416 1788 571 1860 egentem
596 1777 791 1841 mendacem
815 1774 903 1839 iacit.

202 1883 280 1947 Non
304 1882 400 1948 facile
422 1883 513 1947 solus
535 1902 655 1958 serves,
678 1881 768 1963 quod
794 1881 907 1943 multis
930 1879 1049 1963 placet.
1212 1907 1258 1958 445

202 1986 394 2051 Necessitas
416 1988 506 2070 quod
531 1986 649 2070 poscit,
670 1984 733 2049 nisi
757 1985 825 2059 des,
849 1984 954 2066 eripit

203 2090 340 2155 Nocens
363 2100 524 2175 precatur,
546 2093 705 2155 innocens
728 2090 889 2155 irascitur.

159 2209 189 2255 au
204 2195 276 2258 Nec
298 2195 367 2259 vita
389 2195 581 2259 hominibus
604 2215 665 2258 nec
688 2194 821 2257 fortuna
844 2213 964 2277 perpes
986 2202 1045 2256 est.

203 2298 281 2363 Non
305 2321 437 2383 semper
459 2322 572 2363 aurem
596 2298 728 2363 facilem
751 2299 853 2363 habet
876 2299 1025 2362 felicitas.

203 2402 398 2487 Numquam
422 2426 488 2469 non
513 2405 613 2468 miser
634 2413 694 2479 est,
716 2394 772 2487 qui
796 2405 885 2487 quod
910 2405 1029 2468 timeat
1051 2405 1188 2488 cogitat.
1215 2432 1264 2482 4⁵0

203 2508 277 2572 Nisi
301 2510 357 2592 qui
381 2511 443 2574 scit
466 2510 582 2583 iacere,
607 2509 744 2573 insidias
768 2509 875 2572 nescit
897 2518 1053 2573 metuere.

203 2612 316 2695 Negat
339 2614 402 2677 sibi
426 2614 505 2697 ipse,
527 2614 584 2695 qui
608 2614 698 2697 quod
723 2612 856 2676 difficile
879 2623 930 2678 est
952 2614 1046 2697 petit.

204 2814 225 2863 F
244 2813 293 2862 Wo.
307 2812 362 2860 Mr.
375 2812 418 2876 Sp.
431 2811 499 2861 iuves
511 2812 555 2861 Fr.
686 2816 733 2859 1⁰.
767 2811 911 2860 inveniesF
926 2811 970 2861 Gr.
986 2811 1030 2860 Or.
1042 2812 1088 2860 Bo.
1105 2810 1146 2859 Ri.
1159 2811 1214 2859 Mr.
1227 2811 1264 2859 in·

203 2878 289 2927 venias
305 2877 356 2926 Wo.
371 2879 413 2942 Sp.
429 2877 474 2926 Fr.
558 2875 611 2924 20.
644 2875 713 2941 prius
724 2876 833 2941 quamF
848 2877 892 2925 Gr.
907 2877 952 2926 Or.
966 2877 1011 2925 Bo.
1029 2876 1080 2924 Wo.
1093 2876 1136 2925 Ri.
1150 2877 1195 2939 Sp.
1207 2877 1264 2925 Mr.

204 2953 328 2992 maturum
345 2942 366 2991 F
384 2944 429 2992 Gr.
440 2949 481 2992 etc.
517 2940 579 2990 fitF
591 2942 623 2991 sit
639 2942 717 3005 dsiet
732 2941 834 3005 Ingolst.
846 2941 925 2990 editor
956 2941 1002 2991 suit
1022 2941 1067 2990 Gr.
1085 2941 1138 2990 Wo.
1151 2942 1195 3005 Sp.
1209 2942 1263 2989 Mr.

204 3008 272 3074 prius
284 3015 320 3058 est
331 3023 407 3072 quem
418 3005 535 3056 maturuit
547 3007 593 3056 Fr.
682 3012 733 3057 2⁴.
769 3006 869 3070 cogitF
884 3007 927 3056 Gr.
944 3007 989 3056 Or.
1001 3007 1079 3071 agitat
1090 3006 1137 3055 Bo.
1155 3007 1207 3055 Wo.
1220 3007 1264 3054 Ri.

205 3076 248 3139 Sp.
260 3074 315 3122 Mr.
327 3073 411 3122 nescio
422 3072 483 3138 quid
494 3072 588 3136 cogitat
599 3072 667 3121 aliud
679 3072 774 3121 cumb.
786 3072 803 3120 i.
815 3086 849 3120 m.
863 3072 907 3120 Fr.
968 3076 1018 3119 26.
1051 3070 1122 3120 nulla
1132 3071 1265 3120 hominum

204 3138 284 3216 maior
294 3154 383 3215 poena
399 3146 436 3188 est
453 3138 475 3186 F
494 3138 539 3187 Gr.
558 3138 602 3187 Or.
620 3139 674 3186 Mr.
692 3138 761 3186 nulla
780 3144 825 3213 est·
837 3137 917 3213 maior
935 3136 1032 3212 homini
1053 3151 1138 3212 poena¹
1151 3136 1175 3184 T
1194 3136 1265 3214 nplla

205 3205 350 3319 llll&
365 3204 547 3332 ‘diffidi'
562 3200 1265 3344 lt.laetenti}ltf'tlmqtntittlt

206 3341 256 3385 δῦ.
291 3342 411 3400 perpetua
427 3341 464 3384 est
481 3333 624 3382 hominibus
641 3333 680 3381 Fu
691 3349 717 3397 p.
729 3349 751 3383 e.
764 3333 810 3383 tibi
821 3333 873 3396 Hg.
884 3331 909 3382 lu
928 3347 1018 3396 perpes
1035 3339 1072 3382 est
1092 3332 1137 3381 Gr.
1156 3331 1200 3380 Or.
1216 3332 1264 3380 Bo.

211 3400 263 3450 Wo.
305 3400 388 3464 ropria
410 3407 447 3450 est
469 3400 495 3448 h.
517 3399 570 3448 Bu.
591 3400 635 3461 Sp.
658 3399 702 3447 Ri.
725 3415 750 3447 n.
773 3414 797 3446 v.
819 3397 844 3447 h.
869 3412 896 3445 n.
918 3396 935 3447 f.
961 3412 1051 3461 perpes
1073 3404 1110 3447 est
1133 3396 1265 3445 Frochlich

207 3471 258 3515 ⁸0.
286 3417 368 3515 iubet
385 3464 491 3515 facilitas
508 3465 529 3512 F
546 3463 664 3514 Felicitas
683 3464 727 3512 Gr.
747 3464 791 3512 Or.
808 3464 855 3512 Bo.
872 3463 915 3511 Ri.
933 3464 975 3526 Sp.
995 3464 1049 3525 Hg.
1066 3461 1172 3512 facilitas
1188 3461 1265 3511 habet

404 3714 453 3759 21.
489 3708 528 3759 Cf.
543 3707 680 3768 Ausonius,
694 3710 759 3773 Sept.
771 3709 830 3773 Sap.
844 3708 921 3767 Sent,
934 3707 997 3756 Bias
1008 3706 1032 3758 6.
1047 3719 1070 3770 7.
