2664 4334
136 325 237 391 xxxii
510 338 810 391 mrnonucmow.

137 515 184 575 35.
228 493 313 557 Rich.
336 497 494 556 Tavemer.
543 499 582 556 8⁰.
627 493 727 577 [Rich.
765 493 908 577 Banlres]
951 497 1050 557 Lond
1109 516 1228 576 1539.·

237 593 344 655 ‘Mimi
364 593 517 654 Publiani'
537 592 568 653 in
590 594 743 656 Chiliades
766 594 891 667 Erasmi‚
913 593 1045 655 withan
1068 597 1200 675 English

237 691 422 754 translation.

136 828 183 904 36.
228 828 269 886 H.
286 825 472 885 Panthaleon
487 821 548 905 [Er.
564 822 760 906 Xylotectus].
798 823 885 884 Basil.
920 841 1003 901 1544
1047 824 1198 888 ‘Catonis

236 924 363 987 disticha
377 923 501 985 moralia
510 944 578 984 curn
591 923 711 985 scholiis
723 923 839 984 Erasini
851 926 921 985 Rot.
949 922 1039 983 Mimi
1050 924 1196 986 Publiani
1223 974 1226 979 .

235 1045 304 1085 cum
318 1025 452 1086 eiusdem
467 1022 586 1084 scholiis
600 1023 693 1084 auctis
708 1022 860 1102 recogniti,
878 1022 986 1102 quibus
1000 1037 1195 1086 accesserunt

235 1121 357 1201 plurimi
385 1141 481 1200 nuper
506 1120 620 1182 inventi
648 1133 678 1183 et
706 1140 869 1197 numquam
897 1120 976 1199 typis
1004 1122 1145 1200 evulgati,
1173 1143 1194 1184 a

237 1220 383 1282 Heinrico
397 1219 602 1279 Panthaleone
617 1217 761 1297 recogniti
776 1238 904 1296 cumque
919 1219 1054 1279 eiusdem
1069 1219 1194 1282 scholiis

234 1315 419 1378 illustrati...'
440 1317 476 1376 of
492 1314 588 1375 which
613 1315 839 1392 magniloquent
863 1314 928 1377 title
948 1316 1099 1378 Woelfflin
1125 1339 1193 1397 says

237 1418 387 1492 ‘Jactator
419 1412 477 1485 ille,
514 1412 564 1490 qui
604 1414 736 1474 Senecae
776 1413 1000 1491 proverbiorum
1040 1414 1191 1478 editiones

235 1515 345 1574 totiens
358 1510 499 1590 repetitas
515 1531 554 1572 ne
568 1523 690 1572 noverat
705 1510 837 1588 quidem,
853 1512 927 1571 nihil
942 1512 1022 1573 aliud
1037 1511 1117 1587 lacit,
1133 1513 1191 1574 nisi

234 1609 428 1689 posteriorem
453 1611 668 1670 sententiarum
693 1620 807 1687 partem
834 1610 959 1691 (N—V)
983 1622 1107 1671 centum
1129 1613 1191 1674 fere

235 1707 338 1786 viginti
369 1728 406 1768 ex
436 1707 658 1786 proverbiorum
690 1709 796 1769 codice
828 1708 927 1770 ductis
962 1720 992 1770 et
1026 1729 1115 1788 aegre
1151 1711 1191 1772 ad

234 1807 384 1885 quandam
406 1805 569 1867 carminum
592 1803 723 1882 speciem
745 1805 915 1876 assimilatis
935 1805 1026 1880 auxit,
1046 1807 1129 1868 idem
1150 1808 1190 1868 ad

233 1905 361 1985 priorem
386 1918 502 1984 partem
527 1903 640 1981 aliquot
664 1903 790 1977 addidit,
814 1906 921 1981 partim
947 1924 1021 1982 quas
1047 1908 1190 1967 Erasmus

234 2015 383 2082 spreverat
411 2014 444 2063 ut
471 2001 560 2062 nimis
588 2014 750 2079 corruptas,
777 2021 959 2080 quamquam
988 2013 1074 2064 erant
1100 2024 1189 2066 verae
1251 2065 1256 2075 ,

234 2100 429 2173 Publilianae,
443 2100 516 2159 alias
530 2120 567 2160 ex
580 2100 713 2160 Senecae
727 2100 766 2160 de
780 2099 940 2160 clementia
954 2099 1045 2172 libris,
1060 2121 1188 2178 quarum

233 2200 300 2259 fons
331 2208 394 2258 erat
421 2196 572 2274 appendix
601 2194 651 2256 illa
679 2197 902 2273 proverbiorum
930 2197 1087 2260 codicibus
1115 2218 1190 2261 non-

233 2295 437 2356 nullis...salso
457 2296 561 2355 affixa!

133 2456 179 2515 37.
224 2438 311 2498 Rich.
341 2441 499 2498 Taverner.
544 2440 582 2497 8⁰.
617 2432 694 2517 [Wil.
713 2433 911 2517 Middleton.]
953 2437 1052 2497 Lond.
1099 2454 1186 2514 1547.

233 2536 314 2598 With
342 2556 381 2596 an
410 2535 533 2613 English
561 2534 742 2596 translation.
787 2535 915 2595 Heber's
943 2553 1021 2612 copy
1046 2537 1114 2597 sold
1140 2537 1188 2598 sor

236 2656 294 2696 ros.
312 2637 358 2696 od.
375 2634 406 2694 in
423 2637 509 2710 1834.

132 2780 179 2854 38.
223 2778 297 2838 Geo.
314 2773 475 2835 Fabricius.
513 2777 551 2833 8⁰.
588 2771 669 2850 Lips.
710 2789 795 2850 1550.
839 2771 1030 2849 ‘Elegantiae
1045 2791 1063 2832 e
1078 2773 1186 2835 Plauto

232 2895 268 2935 ac
288 2872 431 2935 Terentio
452 2873 632 2944 collectae’3
660 2869 812 2947 following
834 2871 976 2929 Erasmus
997 2870 1051 2930 but
1072 2870 1186 2950 adding

232 2984 342 3052 twenty
369 2974 447 3034 fresh
480 2981 637 3032 sentences
668 2970 842 3048 separately,
872 2967 1059 3030 ‘Sententias
1087 2971 1187 3033 Publii

233 3072 332 3132 mimis
353 3070 482 3131 similes!

133 3229 180 3286 39.
224 3211 262 3268 8⁰.
301 3201 497 3287 [Ascensius.]
533 3207 595 3264 Par.
636 3221 723 3282 1550.
758 3203 839 3264 With
856 3204 948 3277 Cato;
968 3208 1047 3263 ‘cum
1065 3203 1187 3266 scholiis

233 3304 336 3366 Badii’

131 3460 179 3514 40.
223 3438 310 3499 Rich.
332 3440 491 3497 Tavemer.
537 3443 593 3494 12⁰.
631 3432 710 3516 [Wil.
749 3431 912 3516 Copland.]
954 3435 1050 3494 Lond.
1098 3452 1183 3514 1550.

231 3537 311 3598 With
326 3556 366 3596 an
381 3533 504 3613 English
519 3534 701 3595 translation.

131 3693 179 3745 41.
223 3673 260 3732 8⁰.
306 3668 387 3753 [Seb.
403 3667 575 3751 Gryphius]
618 3669 714 3747 Lugd.
761 3685 845 3745 1550.
