2664 4334
117 376 158 457 36
372 388 535 439 PUBLILII
559 389 644 440 SYRI
667 388 915 439 SENTENTIAE.

117 546 183 629 Qui
206 547 427 610 dormientem
450 556 555 619 necat,
579 547 752 610 absentem
777 528 950 610 ulciscitur.

73 662 104 707 rr
117 648 217 732 Quod
240 659 291 713 est
314 659 498 726 venturum,
520 651 653 733 sapiens
675 650 770 733 quasi
794 668 951 731 praesens
974 657 1078 714 cavet
1124 663 1173 727 615

72 765 103 828 0
119 753 228 837 Quem
251 755 371 837 diligis,
394 755 428 817 ni
452 765 540 818 recte
564 775 710 827 moneas,
734 754 851 817 oderis.

68 940 103 1003 Ψ
184 930 337 1005 Ratione,
361 948 427 992 non
451 928 484 991 vi
507 928 671 991 vincenda
694 926 920 991 adolescentia
943 938 1003 992 est.

118 1034 180 1098 Rei
204 1032 284 1096 nulli
308 1034 444 1116 prodest
466 1052 559 1095 mora
582 1032 644 1094 nisi
667 1031 865 1095 iracundiae.

119 1141 209 1203 Reus
232 1138 390 1201 innocens
413 1135 589 1212 fortunam,
614 1156 681 1199 non
705 1145 826 1199 testem
849 1133 956 1199 timet.

119 1246 245 1308 Rarum
267 1262 339 1306 esse
362 1251 505 1322 oportet,
526 1242 616 1325 quod
641 1240 697 1303 diu
721 1258 834 1302 carum
857 1239 947 1302 velis
1127 1251 1177 1304 620

89 1352 251 1432 oRapere
273 1355 323 1410 est
346 1345 496 1428 accipere
518 1366 579 1410 usu
601 1344 692 1428 quod
716 1344 822 1427 possis
845 1345 991 1425 perdere.

120 1454 254 1536 Regnat
276 1472 343 1515 non
367 1451 514 1532 loquitur
535 1449 592 1533 qui
616 1449 662 1512 nil
686 1449 749 1512 nisi
772 1449 958 1531 quodvult
981 1449 1068 1514 iacit.

119 1556 334 1620 Rivalitatem
359 1574 426 1617 non
449 1563 540 1618 amat
561 1553 708 1617 victoria.

120 1662 287 1725 Ruborem
311 1660 420 1722 amico
443 1669 601 1723 excutere
624 1658 768 1721 amicum
792 1666 843 1720 est
867 1658 1013 1740 perdere.

121 1767 197 1829 Rex
220 1785 292 1829 esse
314 1763 428 1839 nolim,
452 1772 489 1826 ut
511 1783 583 1827 esse
605 1763 747 1827 crudelis
771 1762 877 1827 velim.
1128 1778 1175 1842 625

74 1884 106 1929 ιο
120 1869 188 1933 Res
211 1877 337 1952 quanto
360 1877 411 1931 est
434 1868 547 1943 maior,
570 1876 666 1931 tanto
689 1876 739 1931 est
763 1867 957 1931 insidiosior.

121 1973 268 2055 Roganti
292 1970 409 2035 melius
432 1992 534 2054 quam
558 1971 735 2053 imperanti
758 1990 882 2053 pareas

122 2078 299 2161 Respicere
322 2076 367 2139 nil
390 2076 562 2139 consuevit
585 2075 765 2140 iracundia.

121 2182 253 2264 Rapere
276 2191 336 2257 est,
358 2201 425 2244 non
448 2190 570 2262 petere,
592 2181 752 2263 quicquid
776 2181 881 2245 invito
903 2180 1042 2246 auferas.

121 2284 322 2348 Remedium
346 2285 435 2348 sraus
458 2293 508 2348 est
531 2293 646 2347 contra
669 2283 793 2349 flumen
815 2304 980 2368 quaerere.
1130 2297 1179 2364 630

77 2405 107 2449 ιο
122 2390 255 2472 Rogare
277 2389 422 2452 officium
445 2389 585 2451 servitus
607 2389 859 2471 quodammodo
882 2397 940 2452 est.

80 2492 248 2557 ZReddit
271 2511 337 2555 non
360 2491 477 2575 perdit,
500 2492 560 2567 cui,
585 2493 674 2573 quod
698 2492 843 2556 alienum
867 2500 926 2568 est,
949 2492 1041 2574 perit

121 2623 175 2687 ipse
185 2638 208 2671 a.
223 2637 280 2671 eum
291 2621 354 2670 alius
365 2637 416 2670 non
427 2628 510 2685 potest
522 2622 565 2669 Ri.
599 2637 625 2686 q.
637 2637 664 2671 se
675 2637 698 2671 a.
713 2621 768 2686 ipse
782 2622 815 2671 ab
830 2620 881 2671 alio
895 2636 948 2670 non
963 2628 1023 2686 pote
1037 2622 1177 2671 accusarier

121 2689 166 2737 Fr.
244 2693 293 2735 71.
326 2701 416 2736 necare
426 2687 547 2736 nititurT
574 2694 646 2736 necat
658 2687 747 2751 Haupt
763 2688 814 2737 Wo.
826 2688 881 2736 Mr.
893 2687 939 2734 Fr.
1020 2691 1072 2735 72.
1124 2687 1178 2736 uusi

122 2753 213 2801 TWo.
225 2753 270 2801 Fr.
299 2759 326 2817 ut
337 2752 392 2800 Mr.
462 2752 591 2818 Ohas49.
606 2765 644 2816 72.
659 2763 697 2817 73.
765 2757 816 2800 ¹²³.
847 2751 931 2816 diligis
942 2751 962 2800 si
974 2751 1060 2800 uonT
1088 2703 1179 2817 diiigas

122 2819 149 2867 ni
160 2819 213 2866 Mr.
247 2817 331 2881 diligis
341 2818 389 2866 nisi
400 2818 446 2866 Fr.

171 2881 442 2946 ue[from11](1‹“)has
456 2896 548 2944 1-153
566 2881 713 2945 phaspa.
729 2897 766 2946 13.
782 2897 808 2946 53
826 2881 902 2931 athas
917 2895 971 2931 m.
1080 2887 1108 2929 2.
1144 2883 1180 2932 rei

123 2948 185 2998 nulli
198 2949 219 2996 F
230 2965 250 2996 π
261 2948 354 2997 editors
365 2964 424 2997 exce
443 2955 453 2996 t
465 2947 529 2997 rein
539 2947 608 2996 nulla
618 2948 664 2995 Fr.
726 2954 753 2995 ὅ.
782 2962 869 3012 rapere
880 2955 917 2996 est
928 2946 1041 3011 accipere
1052 2947 1121 3012 quod
1133 2963 1179 2998 usu

125 3014 145 3076 (i
156 3011 215 3076 non)
223 3013 305 3078 possis
315 2963 450 3063 reddere}
461 3028 548 3077 rapere
558 3028 659 3077 quoque
670 3020 706 3062 est
718 3012 831 3077 accipere
842 3012 911 3077 quod
922 3027 973 3061 nou
984 3012 1064 3076 possis
1075 3012 1180 3063 reddere

124 3081 150 3128 Ψ
162 3096 181 3129 r.
194 3095 216 3128 e.
230 3095 254 3128 a.
270 3093 294 3142 q.
312 3095 338 3127 n.
354 3094 379 3142 p.
396 3095 415 3128 r.
427 3079 529 3140 Ingulst.
545 3078 625 3127 editor
640 3079 691 3126 Wo.
704 3078 758 3126 Mr.
797 3085 907 3143 caperest
923 3076 1035 3141 accipere
1050 3093 1096 3127 usu
1111 3079 1180 3142 quod

123 3145 203 3210 possis
215 3144 319 3208 perdere
330 3146 372 3208 Sp.
452 3148 479 3192 ο.
516 3150 601 3207 regnat
612 3158 663 3191 non
674 3142 816 3206 loquitari*
832 3143 877 3192 Gr.
892 3143 936 3192 Or.
948 3142 994 3191 Bo.
1028 3150 1179 3208 regnatnon

124 3211 217 3274 regitur
227 3209 355 3259 Froehlich
367 3209 409 3258 Ri.
425 3209 475 3258 Wo.
484 3208 525 3272 Sp.
536 3209 590 3257 Mr.
624 3224 676 3257 rem
687 3209 740 3272 agit
750 3223 802 3256 non
810 3207 921 3272 loquitur
929 3208 975 3256 Fr.
1058 3212 1108 3255 10.
1143 3209 1180 3258 iu·

125 3275 295 3324 sidiosiorFT
309 3276 353 3324 Gr.
367 3275 411 3324 Or.
424 3275 477 3322 Mr.
490 3275 535 3322 Fr.
569 3272 714 3322 invidiosior
725 3274 770 3321 Bo.
790 3273 840 3322 Wo.
852 3276 895 3336 Sp.
964 3278 1012 3319 1⁴.
1041 3273 1180 3323 remedium

126 3340 205 3390 FGr.
218 3339 263 3389 Be.
282 3340 325 3389 Or.
341 3340 387 3389 Bo.
405 3340 456 3388 Wo.
473 3339 518 3387 Ri.
534 3340 577 3402 Sp.
611 3338 741 3403 remigium
760 3339 804 3386 Gr.
839 3338 905 3387 fraus
920 3344 956 3387 est
973 3337 995 3386 F
1013 3339 1057 3387 Gr.
1072 3338 1119 3388 Bo.
1136 3341 1180 3403 Sp.

125 3406 215 3455 {nistra
226 3413 261 3454 est
276 3405 320 3454 Gr.
333 3407 378 3454 Bo.
396 3404 447 3452 Wo.
460 3405 503 3452 Ri.
517 3405 570 3452 Mr.
604 3412 640 3453 est
652 3403 741 3452 frustra
755 3403 798 3452 Or.
832 3401 1119 3453 flumenFiulmenBc.
1135 3406 1180 3454 Or.

126 3471 172 3520 Bo.
201 3471 252 3519 Wo.
276 3470 319 3519 Ri.
342 3469 384 3532 Sp.
409 3470 464 3518 Mr.
510 3485 529 3517 r.
552 3468 664 3517 fraudem
693 3476 729 3518 est
757 3476 844 3517 contra
865 3468 966 3532 vulpem
993 3483 1112 3532 quaerere
1135 3471 1180 3519 Fr.

129 3543 174 3584 1⁸.
209 3535 357 3585 beneficium
379 3535 401 3583 F
422 3535 465 3583 Ri.
499 3534 607 3598 ingenuo
632 3535 676 3583 Gr.
702 3534 745 3582 Or.
768 3533 814 3581 Bo.
855 3533 965 3582 officium
987 3534 1030 3597 Sp.
1053 3534 1107 3584 Mr.
1133 3536 1179 3583 Fr.

128 3599 399 3664 n(T)hass.1o.16.
500 3605 547 3648 ιο.
582 3616 601 3649 r.
613 3614 638 3646 n.
651 3614 676 3662 p.
688 3598 731 3663 qui
747 3599 815 3664 quod
830 3597 938 3647 alienum
954 3607 1007 3648 erat
1022 3599 1181 3662 persolvitT

128 3684 147 3716 r.
159 3683 185 3715 n.
197 3682 223 3730 p.
235 3666 294 3729 quoi
309 3665 379 3730 quod
393 3664 501 3713 alienum
516 3663 562 3713 suit
579 3664 623 3712 Ri.
642 3665 693 3713 Wo.
728 3680 748 3712 r.
761 3680 786 3711 n.
799 3678 824 3727 p.
837 3662 877 3712 cui
889 3664 957 3728 quod
972 3663 1105 3714 alienumst
1116 3666 1181 3730 perit

127 3733 219 3796 Haupt
