2664 4334
193 325 239 388 xii
570 339 866 391 rnrrnouucrronr.

191 496 329 557 virtutem
343 495 582 557 transtulissent¹.
626 498 705 556 Nam
721 507 753 555 ut
768 507 916 556 transeam
930 495 1158 557 innumerabilia
1168 514 1245 574 quae

193 589 300 653 Cicero
324 589 354 649 in
380 589 563 650 orationibus
587 591 689 650 autin
712 609 850 651 sermone
874 589 949 650 dixit
969 611 1005 651 ex
1026 588 1087 672 [ea]
1111 602 1190 665 nota,
1212 601 1245 651 ut

192 703 254 744 non
273 685 397 744 reseram
416 703 434 743 a
454 684 581 745 Laberio
600 684 688 753 dicta,
708 704 777 745 cum
798 683 881 744 mimi
903 684 965 745 eius
986 683 1133 762 quidquid
1153 684 1245 745 modo

192 778 345 839 tolerabile
359 778 471 838 habent
486 779 544 839 tale
564 779 695 839 habeant
700 824 772 836 ......
818 777 917 839 Athis
931 778 1019 840 huius
1035 778 1125 840 studii
1138 779 1245 840 diffusa

192 884 237 933 est
250 870 281 931 in
295 873 394 949 plures
409 870 553 932 imitatio!

192 991 314 1063 Seneca,
333 991 554 1062 controversiae,
568 1008 622 1050 vn.
640 1011 667 1064 4,
683 992 701 1048 8
717 992 758 1069 (p.
775 1009 842 1067 332,
859 989 876 1049 l.
896 1008 933 1046 ao
949 987 1130 1064 Kiessling):

254 1086 319 1144 “In
334 1085 390 1144 hac
405 1085 605 1145 controversia
625 1084 821 1145 Publilianam
841 1081 1018 1144 sententiam
1037 1081 1121 1142 dedit
1141 1084 1246 1142 Festus

193 1177 317 1256 quidam
339 1179 445 1250 rhetor,
468 1189 596 1239 staturae
618 1178 751 1256 pusillae,
773 1178 804 1238 in
829 1197 918 1255 quem
948 1180 1125 1249 Euctemon,
1153 1176 1245 1236 homo

192 1271 392 1332 venustissimi
427 1272 536 1349 ingeni,
568 1275 683 1333 Graece
717 1271 808 1332 dixit:
843 1282 1005 1347 antequam
1040 1283 1070 1330 te
1104 1269 1244 1342 viderem,

193 1367 364 1427 nesciebam
392 1367 525 1427 rhetoras
548 1366 718 1427 victoriatos
743 1386 816 1426 esse.
860 1365 928 1425 Fuit
953 1376 1052 1425 autem
1078 1363 1158 1424 Festi
1182 1383 1246 1423 sen·

193 1462 304 1521 tentia:
328 1466 450 1538 ‘captus
465 1472 517 1535 est,
533 1459 638 1537 inquit,
654 1462 755 1538 pater!
796 1462 826 1520 Si
841 1472 870 1521 te
886 1459 965 1537 capti
979 1469 1110 1530 movent,
1127 1468 1157 1518 et
1170 1457 1245 1516 haec

192 1566 281 1632 capta
308 1564 360 1615 est.
404 1556 444 1614 Et
471 1554 556 1631 quasi
585 1575 646 1615 non
675 1554 939 1615 intellexissemus:
970 1573 1009 1613 an
1037 1551 1157 1613 nescitis
1186 1549 1246 1611 dici

195 1655 315 1726 ‘captos
336 1647 558 1710 luminibus'?''

193 1765 316 1838 Seneca,
331 1765 456 1841 Epistol.
473 1765 583 1824 Moral.
601 1766 629 1835 8,
644 1765 679 1824 8:

256 1857 438 1933 “Quantum
467 1856 725 1918 disertissimomm
750 1877 886 1918 versuum
912 1858 988 1918 inter
1015 1856 1123 1917 mimos
1151 1856 1244 1915 iacet!

194 1970 285 2029 quam
305 1953 400 2011 multa
420 1950 538 2012 Publilii
556 1971 618 2011 non
637 1951 821 2021 excalceatis,
842 1953 895 2012 sed
915 1950 1099 2013 cothurnatis
1118 1949 1246 2010 dicenda

193 2053 279 2110 suntl
322 2051 427 2111 Unum
442 2068 557 2109 versum
574 2049 646 2119 eius,
662 2049 713 2126 qui
728 2050 766 2109 ad
781 2048 1004 2127 philosophiam
1019 2049 1149 2127 pertinet
1164 2059 1192 2108 et
1207 2047 1245 2107 ad

191 2146 270 2208 hanc
289 2156 411 2223 partem,
428 2166 505 2224 quae
523 2146 616 2207 modo
633 2148 688 2207 fuit
708 2148 738 2206 in
758 2147 903 2221 manibus,
924 2149 1057 2221 referam,
1078 2165 1138 2223 quo
1157 2154 1245 2224 negat

190 2242 311 2306 fortuita
325 2242 356 2303 in
370 2256 473 2305 nostro
487 2244 644 2308 habenda:

315 2342 470 2402 ‘Alienum
492 2355 537 2403 est
558 2361 658 2417 omne,
680 2341 824 2420 quicquid
846 2342 980 2419 optando
1003 2341 1144 2402 evenit.”'

192 2461 316 2533 Seneca,
330 2459 455 2536 Epistol.
471 2459 581 2518 Moral.
600 2479 646 2535 94,
665 2461 720 2518 28:

256 2555 439 2632 “Numquid
462 2555 608 2616 rationem
630 2555 737 2634 exiges,
761 2575 829 2617 cum
852 2555 905 2617 tibi
929 2555 1035 2633 aliquis
1060 2557 1115 2616 hos
1140 2554 1246 2617 dixerit

192 2673 294 2714 versus
303 2657 356 2715 Ρ-

396 2733 591 2794 ‘Iniuriamm
611 2734 777 2796 remedium
798 2746 843 2795 est
864 2733 994 2795 oblivio'

397 2834 569 2894 ‘Audentes
584 2834 702 2893 fortuna
716 2832 815 2892 iuvat!
824 2832 839 2859 ''

192 2953 315 3021 Seneca,
330 2949 454 3026 Epistol.
470 2949 581 3007 Morol.
600 2968 647 3025 94,
664 2968 721 3025 43:

254 3047 356 3123 “Quis
368 3043 517 3122 negaverit
528 3043 604 3104 feriri
617 3046 795 3121 quibusdam
807 3042 972 3122 praeceptis
987 3042 1145 3104 efficaciter
1157 3043 1247 3105 etiam

190 3143 449 3223 imperitissimos?
488 3145 577 3203 Velut
605 3143 651 3202 his
675 3142 853 3204 brevissimis
877 3143 1009 3215 vocibus,
1034 3144 1088 3204 sed
1117 3145 1246 3204 multum

192 3240 371 3304 habentibus
392 3240 552 3318 ponderis:

355 3338 454 3398 ‘Nihil
475 3337 582 3397 nimis!

356 3440 487 3496 ‘Avams
507 3435 623 3496 animus
645 3437 728 3496 nullo
749 3435 871 3497 satiatur
890 3435 991 3496 lucro'

355 3535 422 3596 ‘Ab
443 3534 501 3596 alio
523 3546 688 3611 exspectes,
708 3532 794 3594 alteri
815 3533 897 3610 quod
917 3532 1065 3594 feceris.'''

542 3672 552 3704 ¹
569 3671 766 3733 ‘transtulisset'
779 3673 891 3723 Bursian.
