2664 4334
180 368 220 435 32
436 367 600 420 PUBLILII
624 369 707 420 SYRI
730 369 977 421 SENTENTIAE.

134 543 165 588 oo
180 525 305 590 Pericla
327 527 384 609 qui
407 528 509 591 audet
531 537 610 591 ante
632 529 745 606 vincit,
767 529 1024 612 quam'accipit.

180 632 346 714 Perpetuo
367 632 479 709 vincit,
501 633 558 714 qui
581 634 685 698 utitur
707 633 892 699 clementia.

138 732 293 801 ZPlures
315 738 441 800 amicos
465 757 580 802 mensa
602 758 704 819 quam
728 759 822 803 mens
845 739 1001 821 concipit.
1189 769 1237 819 540

132 841 163 904 0
180 842 355 906 Prudentis
378 850 429 905 est
452 842 584 906 irascier
606 863 680 906 sero
702 852 736 907 et
759 842 870 906 semel.

180 949 242 1012 Per
263 968 363 1029 quem
386 948 430 1010 sis
453 946 568 1023 clarus,
592 947 638 1010 illi
661 948 751 1029 quod
775 947 820 1011 sis
844 948 997 1029 imputes.

135 1077 166 1122 uu
181 1054 311 1117 Poenae
334 1062 386 1117 sat
408 1061 468 1130 est,
490 1053 547 1135 qui
571 1052 667 1117 laesit
689 1073 766 1116 cum
789 1053 934 1137 supplex
955 1053 1058 1118 venit.

130 1219 165 1282 Ψ
180 1213 343 1297 Quamvis
366 1234 432 1277 non
456 1223 591 1289 rectum,
614 1216 704 1296 quod
729 1215 829 1290 iuvat,
852 1225 980 1279 rectum
1004 1225 1111 1298 putes.

180 1316 347 1400 Quicquid
371 1339 490 1382 nocere
512 1317 636 1394 didicit,
661 1321 813 1384 meminit
834 1341 911 1384 cum
935 1329 1056 1404 potest.
1189 1348 1236 1400 545

181 1420 248 1504 Qui
272 1423 391 1486 metuit
412 1421 647 1497 calamitatem,
670 1424 775 1488 rarius
797 1425 927 1508 accipit.

181 1526 292 1610 Quam
316 1529 472 1591 miserum
496 1535 546 1590 est
569 1537 711 1591 mortem
734 1549 855 1610 cupere
878 1548 939 1591 nec
962 1547 1061 1609 posse
1085 1527 1208 1592 emori!

151 1629 248 1713 sQui
271 1651 332 1715 pro
355 1631 531 1694 innocente
554 1631 644 1708 dicit,
666 1632 747 1695 satis
771 1641 822 1695 est
845 1633 1013 1713 eloquens.

182 1736 249 1820 Qui
272 1757 348 1801 cum
372 1737 464 1801 dolet
486 1737 665 1814 blanditur,
688 1746 765 1820 post
788 1746 920 1820 tempus
942 1737 1039 1818 sapit

181 1840 282 1924 Quod
304 1842 424 1905 timeas
446 1841 544 1906 citius
566 1862 667 1923 quam
690 1842 780 1924 quod
804 1862 914 1925 speres
937 1841 1056 1906 evenit.
1189 1867 1237 1918 550

181 1947 282 2031 Quod
304 1947 375 2011 vult
397 1947 562 2030 cupiditas
585 1948 719 2029 cogitat,
742 1966 809 2010 non
832 1946 923 2029 quod
946 1946 1051 2009 decet.

182 2051 348 2135 Quicquid
372 2052 510 2127 conaris,
533 2072 600 2134 quo
623 2053 796 2134 pervenias
819 2052 954 2135 cogites.

137 2176 167 2221 1o
181 2156 248 2240 Qui
270 2158 357 2221 bene
379 2156 575 2230 dissimulat,
597 2157 694 2220 citius
717 2156 852 2219 inimico
875 2164 982 2219 nocet.

182 2260 281 2344 Quod
305 2281 437 2343 semper
459 2270 510 2324 est
532 2269 695 2342 paratum,
718 2279 785 2323 non
808 2280 941 2343 semper
963 2258 1062 2322 iuvat.

180 2364 426 2448 Quodcumque
448 2364 544 2440 celes,
568 2364 639 2447 ipse
660 2364 722 2428 tibi
745 2362 805 2427 fias
826 2365 935 2428 timor.
1190 2388 1236 2438 555

181 2467 247 2551 Qui
271 2468 498 2532 iusiurandum
521 2476 639 2543 servat,
662 2469 780 2550 quovis
803 2468 961 2550 pervenit.

181 2571 280 2654 Quod
304 2581 396 2635 aetas
418 2571 535 2634 vitium
561 2572 680 2655 posuit,
704 2581 797 2634 aetas
820 2569 954 2634 auferet

137 2690 167 2735 ιο
181 2675 436 2759 Quemcumque
459 2677 587 2758 quaerit
610 2677 791 2754 calamitas,
815 2675 910 2740 facile
933 2675 1068 2740 invenit.

181 2778 281 2861 Quod
304 2780 402 2862 periit
424 2779 537 2862 quaeri
561 2787 650 2862 pote,
672 2781 826 2862 reprendi
850 2800 917 2843 non
940 2787 1060 2862 potest.

181 2934 220 2984 33.
234 2935 274 2983 34.
286 2936 325 2981 40.
342 2935 365 2984 3.
377 2939 400 2981 4.
527 2923 576 2966 ⁶2.
610 2918 666 2982 plus
677 2918 771 2968 amicos
782 2934 868 2968 mensa
880 2933 955 2983 quam
967 2932 1038 2966 mens
1048 2915 1159 2982 concipit
1170 2915 1238 2964 bona

180 2985 203 3034 T
218 2986 301 3049 plures
315 3001 338 3033 a.
354 3000 388 3033 m.
403 3000 429 3048 q.
444 2999 515 3033 mens
530 2999 551 3033 c.
563 2983 696 3033 Buecheler
709 2985 764 3033 Mr.
776 2983 861 3048 plures
876 2999 899 3031 a.
915 2999 949 3032 m.
962 2998 988 3046 q.
1000 2982 1067 3031 bona
1082 2997 1153 3031 mens
1168 2980 1236 3045 capit

180 3052 226 3100 Fr.
260 3049 340 3101 Ohas
353 3065 392 3112 40.
406 3066 445 3115 43.
462 3063 500 3113 53.
516 3062 555 3111 54.
569 3061 608 3112 55.
729 3054 780 3097 ω.
814 3048 886 3098 irasci
897 3057 922 3098 et
933 3063 988 3097 sero
999 3054 1024 3097 et
1036 3045 1178 3097 semelOi.
1189 3060 1237 3095 nec

180 3131 234 3165 sero
246 3131 292 3165 nec
303 3115 379 3164 semel
391 3117 445 3164 Mr.
458 3115 558 3164 irascier
568 3129 624 3164 sero
635 3121 659 3163 et
671 3114 749 3163 semel
760 3115 807 3162 Fr.
884 3119 933 3162 ⁸4.
968 3128 1013 3176 per
1023 3127 1099 3177 quem
1110 3111 1144 3161 sis
1155 3109 1237 3161 clarus

180 3181 205 3231 Ο
216 3182 269 3230 Mr.
305 3215 311 3227 .
322 3196 347 3244 q.
362 3189 472 3230 servatus
484 3181 517 3230 sis
528 3181 573 3228 Fr.
607 3179 675 3244 quod
687 3179 721 3228 sis
732 3179 769 3227 illi
781 3179 804 3230 0
816 3180 861 3229 Fr.
876 3179 913 3227 illi
924 3178 993 3243 quod
1004 3177 1038 3227 sis
1048 3178 1104 3226 Mr.

229 3197 1236 3310 *I‘[ffr)om11](F)has1—68;dhaso.3.4.1o.19.2o.21.aa.24.e5.28.

181 3327 219 3378 ²9·
235 3328 274 3374 31·
293 3327 333 3374 32.
346 3310 490 3374 36.41.4o.
505 3309 543 3372 46.
556 3322 597 3373 47.
610 3320 649 3373 55·
663 3309 702 3372 56.
716 3309 903 3372 58·6o;Bart.
915 3308 960 3358 has
977 3323 999 3357 2.
1013 3324 1037 3373 3.
1049 3326 1073 3371 4.
1090 3322 1152 3357 1o.1
1173 3320 1236 3358 Ao.

181 3393 219 3426 al.
235 3393 275 3439 24.
289 3379 327 3426 28.
342 3392 380 3439 31.
396 3376 435 3438 36.
449 3375 487 3440 56.
501 3374 642 3440 58;rhas
656 3377 695 3425 28.
707 3387 747 3435 45.
761 3391 800 3437 54.
813 3373 852 3425 60.
867 3372 908 3424 61.
993 3378 1019 3421 Ι.
1053 3321 1237 3437 quodariiuvat

181 3443 202 3490 F
219 3442 286 3506 quod
304 3442 372 3490 iuvat
391 3443 436 3490 Gr.
457 3442 499 3490 Or.
517 3442 562 3490 Bo.
579 3440 624 3489 Ri.
639 3439 682 3503 Sp.
696 3441 749 3488 Mr.
769 3441 852 3504 quoad
870 3440 937 3489 iuvat
959 3439 1011 3487 Wo.
1028 3453 1085 3487 cum
1102 3438 1172 3487 iuvat
1188 3440 1235 3487 Fr.

180 3522 256 3572 quom
268 3507 370 3556 adiuvat
381 3506 507 3555 Baehrens
639 3510 668 3552 2.
701 3505 790 3554 didicit
802 3517 861 3555 uss.
875 3504 926 3553 and
937 3503 1030 3553 editors
1042 3510 1130 3567 except
1141 3503 1236 3553 dedicit

180 3573 235 3620 Mr.
367 3578 396 3621 8.
429 3571 596 3620 calamitatem
608 3571 630 3619 F
643 3573 662 3631 ψ
674 3571 741 3619 Bart.
761 3571 812 3619 We.
846 3569 1023 3620 contumeliam
1033 3570 1054 3616 Φ
1066 3569 1108 3633 Sp.
1120 3569 1175 3616 Mr.
1187 3569 1233 3619 Fr.

181 3653 236 3687 raro
251 3648 309 3686 uss.
325 3637 404 3686 rarius
418 3637 522 3700 Ingolst.
540 3637 616 3684 editor
632 3636 675 3684 Gr.
696 3636 740 3684 Or.
756 3636 778 3685 is
793 3651 849 3685 raro
863 3635 910 3685 Bo.
922 3650 979 3684 raro
993 3634 1015 3683 is
1029 3634 1074 3682 Ri.
1087 3649 1142 3683 raro
1157 3633 1236 3683 ullam

181 3703 225 3752 Ri.
292 3708 321 3751 ο.
355 3701 486 3752 conarisF
503 3702 554 3750 We.
566 3702 620 3749 Mr.
632 3702 678 3749 Fr.
690 3701 787 3750 coneris
798 3703 841 3766 Sp.
920 3705 967 3750 10.
1003 3699 1235 3764 potest...potestF
