2664 4334
376 371 540 422 PUBLILII
562 370 646 421 SYRI
669 369 917 422 SENTENTIAE.
1131 371 1172 438 27

71 536 105 579 4⁰
120 524 285 586 Nimium
308 525 518 587 altercando
540 524 677 586 veritas
698 524 888 587 amittitur.

118 624 222 690 Nullo
245 626 279 688 in
304 627 378 689 loco
401 626 488 690 male
510 625 604 690 audit
627 626 859 690 misericordia.

119 731 312 794 Necessitas
334 730 424 813 quod
448 731 544 806 celat,
566 730 687 794 frustra
709 731 885 812 quaeritur.

117 835 309 898 Necessitas
332 855 432 917 quam
454 835 612 917 pertinax
635 855 774 917 regnum
798 836 908 899 tenet!

117 940 229 1004 Nemo
252 941 430 1004 immature
452 942 599 1015 moritur,
622 941 678 1023 qui
702 941 840 1005 moritur
863 942 968 1004 miser.

71 1053 103 1097 θ
117 1046 306 1110 Nocentem
329 1047 385 1127 qui
408 1046 568 1121 defendit,
590 1045 652 1109 sibi
676 1045 800 1108 crimen
823 1047 918 1128 parit.

116 1151 175 1215 Nil
198 1172 266 1215 non
289 1161 348 1216 aut
370 1150 452 1216 lenit
475 1160 534 1215 aut
556 1152 673 1215 domat
697 1151 906 1214 diuturnitas.

116 1255 174 1318 Nil
197 1265 296 1338 turpe
319 1255 422 1319 ducas
445 1276 506 1338 pro
529 1255 647 1319 salutis
670 1255 827 1318 remedio.
1124 1265 1174 1328 460

116 1358 195 1422 Noli
219 1369 431 1424 contemnere
453 1380 502 1434 ea,
525 1380 612 1442 quae
635 1380 784 1423 summos
807 1358 992 1422 sublevant.

115 1464 174 1528 Nil
197 1464 290 1528 aliud
312 1467 374 1529 scit
397 1466 585 1536 necessitas,
609 1485 711 1546 quam
734 1465 873 1528 vincere.

69 1581 102 1626 ω
116 1571 229 1634 Nemo
250 1570 401 1634 timendo
424 1571 468 1634 ad
490 1590 659 1633 summum
683 1570 834 1651 pervenit
856 1569 975 1633 locum.

116 1674 190 1737 Nisi
215 1694 274 1757 per
296 1683 330 1738 te
352 1675 472 1757 sapias,
498 1674 619 1738 frustra
641 1675 827 1757 sapientem
850 1672 974 1737 audias

115 1777 317 1842 Necessitati
340 1779 473 1860 sapiens
497 1777 578 1841 nihil
601 1797 762 1860 umquam
785 1787 895 1859 negat.
1123 1788 1170 1853 465

10 1916 12 1925 ‚
114 1881 194 1945 Non
219 1881 315 1945 facile
337 1882 380 1946 de
403 1883 580 1946 innocente
602 1883 726 1945 crimen
750 1881 895 1962 fingitur.

115 1984 268 2048 Nimium
291 1985 371 2048 boni
395 1996 446 2050 est
469 1988 503 2050 in
528 1997 644 2062 morte,
667 2006 743 2049 cum
767 1984 813 2048 nil
837 1986 880 2048 sit
904 1985 993 2049 mali.

71 2101 101 2146 au
181 2089 226 2151 Ni
249 2091 373 2171 gradus
395 2100 551 2167 servetur,
574 2089 655 2154 nulli
679 2098 772 2153 tutus
795 2098 845 2154 est
867 2108 1019 2153 summus
1042 2088 1144 2152 locus

114 2191 173 2256 Nil
196 2202 247 2256 est
270 2195 430 2271 miserius
453 2216 555 2278 quam
579 2195 635 2258 ubi
658 2196 762 2276 pudet
784 2193 875 2277 quod
899 2193 1024 2257 feceris.

114 2296 188 2360 Nec
204 2307 346 2361 mortem
366 2297 512 2380 effugere
531 2299 708 2381 quisquam
728 2320 789 2364 nec
809 2318 958 2362 amorem
978 2306 1098 2380 potest.
1122 2324 1172 2374 470

113 2403 359 2467 Necessitatem
383 2403 477 2480 ferre,
501 2424 568 2467 non
591 2403 670 2467 flere
692 2405 843 2468 addecet.

69 2526 100 2570 us
114 2507 310 2590 Numquam
334 2508 463 2572 facilius
485 2509 592 2591 culpa,
615 2529 716 2592 quam
740 2510 773 2572 in
797 2509 896 2572 turba
919 2507 1011 2570 latet.

71 2613 194 2676 ZNon
217 2614 290 2678 leve
313 2613 512 2678 beneficium
536 2623 684 2697 praestat
707 2615 764 2696 qui
787 2614 931 2677 breviter
954 2621 1063 2694 negat.

113 2879 169 2927 Mr.
187 2877 237 2925 Wn
250 2876 276 2924 h.
289 2876 427 2925 facunditas
438 2877 484 2925 Fr.
520 2880 573 2922 4ο.
602 2874 801 2938 evertiturFSp.
816 2875 936 2924 amittitur
947 2874 1014 2924 Gell.
1025 2875 1104 2923 Maer.
1118 2872 1169 2921 Er.

117 2943 161 2992 Gr.
174 2943 221 2991 Bo.
239 2941 290 2990 Wo.
303 2942 343 2989 Ri.
358 2942 413 2990 Mr.
428 2939 550 2991 emittitur
562 2939 641 2989 Palat.
654 2941 732 2989 Maer.
746 2940 865 2989 avertitur
876 2941 920 2988 Fr.
970 2945 1023 2988 ⁴0.
1057 2954 1168 2988 summos

114 3007 198 3056 levant
213 3008 235 3056 F
250 3006 381 3056 sublevant
396 3021 507 3056 summos
524 3008 544 3068 ψ
560 3021 670 3055 summos
687 3006 817 3054 sublevant
840 3006 890 3054 Wo.
909 3007 952 3069 Sp.
968 3007 1023 3053 Mr.
1038 3005 1089 3053 ima
1103 3019 1168 3068 quae

113 3088 224 3122 summos
235 3072 319 3122 levant
329 3073 375 3121 Fr.
491 3076 540 3118 u.
573 3086 631 3120 cum
643 3071 664 3119 F
675 3071 717 3134 Sp.
732 3072 786 3120 Mr.
800 3071 845 3119 Fr.
857 3071 897 3119 cui
914 3071 965 3119 Wo.
979 3070 1051 3131 (from
1064 3068 1168 3117 Ennius'

113 3138 218 3186 nimium
238 3137 298 3186 boni
318 3143 355 3186 est
375 3136 415 3186 cui
435 3135 470 3184 nil
490 3135 550 3185 mali
569 3143 607 3185 est
625 3136 719 3200 quoted
741 3137 776 3198 by
795 3136 884 3185 Cicero
904 3136 994 3185 defin.
1016 3151 1039 3184 r.
1061 3149 1097 3198 13.
1115 3136 1167 3197 41).

114 3207 163 3251 ⁸⁹.
197 3218 335 3268 numquam
346 3202 388 3264 Ἑψ
400 3203 443 3265 Sp.
455 3202 501 3250 Fr.
512 3216 635 3266 nusquam
652 3202 771 3250 Wo.Mr.
801 3200 933 3264 Zlehas
946 3220 970 3262 4.
983 3201 1164 3262 60.45.21.7.

113 3281 154 3331 47.
167 3284 207 3331 25.
358 3273 410 3316 00.
444 3266 487 3331 qui
499 3267 531 3316 de
541 3266 610 3316 brevi
622 3266 750 3316 renunciat
762 3266 785 3314 T
796 3267 839 3330 qui
851 3265 959 3314 breviter
969 3271 1045 3330 negat
1058 3266 1112 3312 Mr.
1125 3263 1168 3330 qui

113 3333 163 3383 cito
174 3340 249 3397 negat
263 3334 307 3382 Or.

226 3630 280 3673 ⁴0.
314 3623 416 3686 Quoted
428 3624 461 3686 by
473 3622 570 3672 Gellius
583 3638 620 3685 17.
635 3640 664 3686 14
675 3623 726 3672 and
739 3623 891 3683 Macrobius,
906 3624 957 3672 Sat.
972 3637 995 3672 a.
1008 3636 1030 3686 7.

227 3713 277 3756 84.
312 3705 352 3757 Cf.
364 3705 454 3756 Cicero
467 3702 592 3768 (Ennius),
606 3705 691 3769 defin.
706 3721 729 3754 r.
744 3721 781 3768 13.
794 3721 835 3767 41.
