2664 4334
260 98 331 162 xliv
636 114 933 167 inrnooucrron.

263 290 327 343 144
375 272 415 331 R.
432 270 593 332 Bentleius.
635 279 673 344 4⁰.
717 275 812 332 Amst.
859 291 944 348 1717.
989 275 1025 332 In
1039 272 1086 333 his
1100 275 1235 335 Terence
1255 275 1329 334 an·

381 368 543 428 Phaedrus.
586 369 653 430 Τὴε
677 368 774 430 editor
802 389 886 447 says:
919 369 1088 445 ‘Quattuor
1112 369 1233 432 codices
1259 372 1332 431 n0

378 464 437 543 ipsi
466 465 647 526 versavimus
676 465 707 525 in
739 465 942 538 Bibliothecis,
974 466 1157 528 Cottoniana
1185 480 1217 529 et
1248 453 1327 531 Col

379 562 523 641 legiorum
537 565 618 640 apud
631 582 688 624 nos
701 563 863 637 Trinitatis,
881 563 946 624 Caii
960 576 990 624 et
1004 563 1124 625 Sidneii.
1166 565 1286 642 Quintu

380 659 411 719 in
428 659 613 721 Bibliotheca
628 660 769 722 Leidensi
783 661 932 723 consuluit
947 661 1161 723 eruditissimus
1181 665 1322 724 Iuvenis

380 757 432 836 qui
459 759 498 819 ad
533 759 642 820 avitam
670 761 789 821 laudem
819 772 938 821 strenue
966 761 1094 835 festinat,
1122 763 1312 822 Abrahamzt

383 858 558 918 Gronovius.
606 859 756 929 Ceterum,
793 857 882 919 etiarn
917 859 948 918 in
983 858 1103 935 Scriptis
1138 860 1315 922 Codicibus

381 956 549 1016 secundum
571 956 733 1032 Alphabeti
754 956 891 1016 ordinem
915 957 1086 1018 Sententiae
1109 959 1302 1019 collocantur

378 1051 509 1128 quaein
535 1054 651 1113 Gruteri
678 1051 828 1125 Editione,
850 1053 951 1114 nescio
976 1054 1055 1114 unde
1079 1055 1224 1131 prolatae,
1247 1076 1332 1116 sun·

380 1169 507 1211 numero
521 1150 709 1229 octingentae
724 1163 753 1211 et
772 1153 840 1228 plus
861 1151 1083 1229 quinquaginta,
1094 1172 1227 1229 quarum
1248 1174 1332 1232 par

381 1245 477 1306 maior
500 1267 600 1324 neque
628 1246 659 1306 in
684 1247 849 1309 Codicibus
873 1248 981 1309 nostris
1006 1261 1191 1326 comparent,
1214 1271 1311 1330 nequ

379 1345 540 1422 quicquam
556 1344 693 1407 Publiani
707 1347 815 1407 coloris
830 1345 980 1423 saporisve
994 1345 1024 1405 in
1039 1366 1070 1407 se
1088 1348 1209 1408 habent.
1255 1352 1326 1411 Eas

380 1462 445 1514 nos,
461 1455 494 1503 ut
516 1445 563 1504 vel
584 1444 664 1504 lectu
684 1443 829 1521 indignas,
849 1444 887 1503 ab
909 1443 1050 1505 Editione
1071 1424 1129 1504 hac
1149 1444 1311 1509 eiecimus!

377 1541 478 1601 There
502 1559 551 1600 are
578 1542 635 1613 246
661 1539 784 1601 iambics
809 1542 869 1602 and
897 1559 933 1616 27
959 1543 1116 1613 trochaica
1139 1544 1200 1603 and
1229 1564 1317 1606 more

378 1651 465 1698 notes
487 1639 560 1698 than
584 1637 615 1697 in
638 1639 689 1698 the
712 1637 849 1715 previous
872 1639 1008 1700 editions.
1050 1642 1076 1717 J.
1102 1641 1192 1702 Conr.
1219 1642 1314 1703 Orelli

377 1738 449 1796 calls
484 1739 535 1797 the
570 1749 725 1798 sentences
760 1737 893 1798 retained
929 1741 969 1815 by
1003 1740 1128 1815 Bentley
1159 1740 1311 1800 ‘omnium

378 1834 507 1894 maxime
530 1833 696 1912 genuinas,'
717 1835 777 1894 and
799 1835 874 1894 adds
898 1837 963 1895 that
985 1837 1036 1896 the
1060 1847 1123 1895 text
1146 1837 1171 1895 is
1196 1856 1313 1898 accom-

377 1930 487 2008 panied
506 1934 546 2009 by
562 1931 837 1993 ‘observationibus
857 1930 965 1993 criticis
984 1932 1087 2010 paucis
1108 1933 1242 2010 quidem,
1259 1937 1310 1996 sed

377 2029 508 2106 egregiis,
538 2031 701 2106 qualesque
733 2049 752 2089 a
779 2048 897 2090 summo
931 2028 1109 2091 Criticorum
1139 2043 1311 2109 exspectare

376 2125 528 2187 licebat'*

258 2270 322 2330 145.
365 2253 394 2329 J.
424 2253 469 2314 Cl.
499 2251 604 2311 Fabre.
660 2261 717 2311 12⁰.
771 2248 927 2334 [Barbou.J
980 2253 1045 2311 Par.
1093 2268 1176 2327 1727.
1228 2254 1311 2315 After

375 2350 536 2424 Phaedms,
547 2368 566 2408 a
576 2350 631 2410 few
646 2361 802 2411 sentences
817 2361 871 2411 not
882 2348 913 2408 in
926 2350 978 2410 the
989 2347 1151 2428 preceding
1165 2349 1308 2425 editions,

374 2447 443 2508 with
458 2467 476 2507 a
489 2467 565 2527 page
580 2449 614 2509 os
625 2447 797 2510 testimonia
811 2448 871 2508 and
886 2449 968 2509 short
983 2459 1077 2508 notes.

256 2573 321 2644 146.
364 2571 421 2649 Sig.
439 2572 665 2649 Havercampus
680 2582 710 2632 et
724 2575 781 2632 Ab.
795 2574 964 2649 Preygerus.
1002 2571 1040 2628 8⁰.
1085 2567 1138 2651 [H.
1156 2570 1309 2654 Teering.]

376 2671 470 2747 Lugd.
493 2672 556 2729 Bat.
603 2688 687 2746 1717.
731 2670 806 2730 Like
828 2673 887 2731 No.
912 2689 976 2751 119,
999 2671 1086 2745 ‘only
1105 2689 1124 2729 a
1144 2689 1210 2732 new
1230 2671 1309 2732 title'

374 2787 440 2845 says
454 2769 555 2829 Ehert.

255 2909 320 2966 147.
362 2894 389 2969 J.
406 2893 452 2954 Cl.
468 2893 573 2953 Fabre.
620 2897 675 2950 12⁰.
719 2893 784 2952 Par.
829 2893 915 2967 1728.
958 2890 1038 2952 With
1053 2894 1214 2954 Phaedrus.

254 3017 319 3089 148.
363 3017 403 3074 8⁰.
447 3016 557 3077 Veron.
604 3031 687 3090 1729.
731 3013 813 3074 With
828 3016 964 3074 Muretus
978 3014 1047 3093 (vol.
1063 3015 1122 3095 iv).

254 3158 319 3214 149.
364 3147 422 3212 24⁰·
467 3142 531 3199 Par.
578 3156 661 3215 1729·
707 3134 824 3198 ‘Publii
844 3136 908 3215 Syri
929 3140 1058 3199 selectae
1079 3139 1247 3201 sententiae
1271 3160 1307 3202 ex

373 3237 507 3311 Mimis';
541 3238 612 3297 with
648 3237 820 3311 Phaedrus,
856 3237 982 3298 ‘eodem
1015 3257 1076 3314 quo
1108 3240 1308 3316 Tanaquillus

372 3337 469 3395 Faber
508 3334 613 3395 ordine
653 3335 874 3410 subiunxerat'3
916 3355 974 3412 349
1011 3335 1134 3397 iambics
1170 3337 1231 3396 and
1269 3355 1304 3412 17

372 3430 518 3492 trochaics
529 3453 538 3505 ;
570 3438 623 3493 ‘ex
644 3433 840 3510 typographia
861 3432 971 3511 Regia'
981 3457 990 3509 ;
1018 3453 1036 3493 a
1056 3433 1210 3512 charming
1230 3435 1307 3496 little
