2664 4334
438 347 601 399 PUBLILII
626 350 710 401 SYRI
734 350 983 404 SENTENTIAE.
1200 359 1240 426 37

128 514 167 576 Ψ
247 505 332 589 Spes
356 515 406 570 est
429 508 553 586 salutis,
577 509 632 572 ubi
656 509 826 574 hominem
849 511 1012 595 obiurgat¹
1025 516 1139 597 pudor.

182 609 332 676 Suadere
355 611 509 693 primum,
532 613 610 675 dein
633 614 797 696 corrigere
819 615 970 679 benevoli
995 627 1051 680 est.

182 715 324 800 Sapiens
347 726 464 781 contra
486 737 602 781 omnes
625 738 718 782 arma
741 718 811 796 fert,
834 739 910 783 cum
934 722 1068 804 cogitat.

182 819 437 886 Sanctissimum
461 831 512 884 est
535 822 734 899 meminisse,
756 822 808 885 cui
832 833 866 886 te
888 823 1019 888 debeas

152 925 285 992 uStulti
308 927 429 990 timent
452 926 630 1004 fortunam,
652 928 819 1010 sapientes
842 927 959 993 serunt.

182 1029 317 1108 Sensus,
340 1052 407 1094 non
430 1042 523 1095 aetas
546 1032 673 1096 invenit
695 1033 902 1114 sapientiam.

182 1133 324 1217 Semper
346 1135 480 1199 beatam
504 1155 540 1199 se
562 1146 660 1218 putat
682 1137 881 1218 benignitas.

183 1240 293 1322 Saepe
316 1239 521 1319 ignoscendo
544 1240 604 1303 das
627 1241 765 1304 iniuriae
788 1239 906 1305 locum.
1193 1257 1242 1321 640

182 1342 278 1406 Solet
300 1360 373 1405 esse
395 1342 428 1405 in
451 1344 562 1407 dubiis
585 1365 645 1427 pro
668 1343 807 1406 consilio
829 1344 1008 1410 temeritas.

139 1462 170 1506 ιο
183 1447 326 1530 Semper
347 1448 522 1512 consilium
545 1457 625 1513 tunc
647 1451 743 1514 deest
766 1469 841 1511 cum
865 1460 915 1514 est
939 1472 1023 1534 opus
1046 1453 1205 1516 maxime.

183 1550 326 1634 Sapiens
349 1553 439 1634 quod
462 1554 587 1635 petitur
609 1555 665 1618 ubi
688 1562 786 1630 tacet,
810 1554 953 1620 breviter
975 1568 1084 1640 negat.

182 1654 325 1736 Semper
346 1656 421 1738 plus
446 1659 564 1721 metuit
587 1651 718 1722 animus
741 1658 892 1739 ignotum
916 1660 1051 1725 malum.

182 1758 340 1825 Secunda
362 1760 394 1822 in
418 1771 614 1843 paupertate
638 1760 771 1824 fortuna
793 1772 844 1826 est
867 1762 957 1828 fides.

183 1862 219 1928 Si
243 1862 290 1925 nil
314 1862 395 1926 velis
418 1865 542 1942 timere,
566 1875 696 1929 metuas
719 1866 839 1929 omnia.
1026 1934 1030 1941 ,

138 1981 169 2027 aa
183 1968 407 2034 Summissum
430 1970 606 2052 imperium
630 1990 696 2033 non
720 1979 812 2033 tenet
834 1972 919 2035 vires
942 1993 1027 2036 suas,

185 2072 360 2137 Secundus
383 2082 434 2137 est
457 2095 478 2137 a
501 2083 605 2138 matre
629 2074 767 2137 nutricis
790 2074 893 2139 dolor.

185 2178 256 2242 Sibi
279 2178 479 2261 supplicium
503 2180 574 2261 ipse
596 2179 663 2255 dat,
686 2198 786 2260 quem
810 2178 946 2243 admissi
970 2181 1126 2263 poenitet.

232 2335 259 2382 Ψ
273 2334 348 2396 [from
361 2336 397 2397 Π]
412 2335 455 2395 (F)
466 2336 512 2385 has
527 2336 540 2383 I
553 2335 583 2386 62
597 2333 675 2398 (322).
691 2351 781 2397 1-413
808 2334 888 2398 phas
907 2351 927 2383 ι.
941 2334 977 2384 16.
993 2347 1030 2398 17.
1044 2351 1082 2386 ar.
1095 2353 1133 2386 22.
1147 2334 1185 2385 26.
1199 2349 1238 2398 27·

185 2414 224 2465 29.
238 2416 277 2463 34.
291 2413 320 2464 37
329 2419 337 2461 ;
354 2418 374 2449 a·
385 2400 430 2451 has
443 2401 454 2450 1
467 2401 497 2451 62
511 2400 588 2464 (322).
600 2399 623 2449 6.
636 2414 660 2461 5.
673 2415 761 2467 9-12.
777 2398 814 2449 16.
830 2415 867 2463 17.
881 2414 920 2448 22.
934 2414 972 2460 23.
988 2401 1027 2452 26.
1042 2415 1080 2462 27.
1094 2417 1133 2469 29.
1147 2417 1185 2515 l&
1199 2417 1238 2464 34.

186 2480 224 2527 37.
246 2481 286 2527 40.
307 2482 347 2528 41.
448 2472 474 2513 1.
508 2466 551 2515 ubi
571 2466 698 2514 hominem
718 2464 740 2513 F
762 2465 854 2514 editors
874 2474 962 2530 except
984 2466 1111 2516 hominem
1131 2483 1147 2516 u
1166 2467 1174 2514 i
1192 2468 1238 2516 Fr.

186 2535 214 2577 2.
248 2530 364 2580 benevoli
380 2539 417 2580 est
428 2532 486 2581 dein
501 2530 701 2595 corrigereFd.
714 2545 736 2578 c.
748 2530 773 2578 b.
786 2546 808 2579 c.
827 2530 878 2578 Wo.
891 2531 933 2594 Sp.
944 2532 998 2580 Mr.
1032 2533 1236 2596 s.b.e.p.d.c.

188 2595 232 2645 Gr.
247 2596 291 2645 Or.
325 2596 350 2645 d.
363 2611 384 2645 c.
394 2613 416 2646 e.
429 2598 454 2645 b.
467 2598 512 2646 Bo.
525 2597 568 2645 Ri.
581 2597 627 2644 Fr.
759 2601 788 2644 8.
823 2596 921 2660 sapiens
932 2611 1030 2661 semper
1040 2597 1184 2661 quiescendi
1196 2598 1239 2646 dat

185 2660 268 2709 locum
288 2661 431 2710 iniuriaeF
464 2678 538 2727 saepe
556 2661 709 2727 ignoscendo
726 2661 771 2709 das
790 2660 893 2710 iniuriae
910 2661 993 2711 locum
1013 2663 1056 2712 Gr.
1080 2663 1124 2712 Or.
1165 2679 1240 2727 saepe

185 2726 337 2790 ignoscendo
353 2727 457 2776 iniuriae
472 2727 570 2777 dederis
585 2727 668 2776 locum
682 2727 729 2775 Bo.
745 2726 789 2775 Ri.
824 2742 898 2790 saepe
913 2727 1065 2791 ignosoendo
1080 2728 1125 2778 des
1136 2728 1240 2778 iniuriae

185 2791 268 2840 locum
287 2792 337 2841 Wo.
372 2793 470 2856 sapiens
481 2792 564 2842 locum
575 2793 618 2841 dat
630 2791 801 2857 requiescendi
813 2791 917 2841 iniuriae
928 2793 971 2855 Sp.
1000 2807 1098 2858 semper
1109 2793 1239 2858 quiescens

186 2857 230 2905 des
253 2856 357 2906 iniuriae
378 2858 462 2906 locum
484 2859 538 2906 Mr.
580 2858 699 2922 sapientis
720 2858 764 2906 dat
787 2857 857 2922 quies
879 2858 982 2906 iniuriae
1004 2858 1105 2907 locum?
1140 2859 1239 2922 sapiens

186 2921 291 2971 iniuriae
310 2921 463 2986 ignoscendo
482 2923 525 2972 dat
545 2922 646 2973 locum?
724 2928 773 2970 10.
807 2937 863 2971 cum
881 2930 917 2972 est
937 2938 1001 2986 opus
1021 2923 1043 2972 F
1062 2923 1105 2987 Sp.
1138 2924 1240 2988 quando

186 2987 295 3102 pinaxitme
310 3002 374 3051 opus
389 2994 427 3036 eet
437 3005 453 3036 α
472 3003 538 3101 tcum
549 3004 612 3052 opus
623 2996 661 3037 est
672 2997 730 3036 tunc
738 2987 848 3101 tmaxime
863 2988 933 3101 desst
947 3003 1095 3101 ZYIsempipr
1109 2988 1238 3102 cppsilipm

204 3068 246 3101 ees
279 3067 336 3100 cum
358 3068 374 3100 ο
394 3069 422 3101 us
444 3068 471 3102 es
504 3069 520 3101 σ
552 3069 610 3102 cum
628 3069 644 3102 o
663 3069 691 3102 us
711 3069 737 3103 es
771 3068 878 3101 maxime
925 3069 971 3101 est
992 3068 1024 3101 on
1079 3069 1100 3102 o.
1153 3070 1174 3101 r.
1216 3070 1238 3101 r.

189 3124 235 3165 u.
269 3133 325 3166 cum
344 3069 436 3183 pesstur
453 3118 474 3166 si
492 3125 558 3167 tacet
576 3117 599 3168 0
619 3069 674 3166 Mpr.
708 3118 775 3182 quod
798 3118 890 3181 petitur
909 3117 952 3167 ubi
974 3125 1039 3167 tacet
1063 3118 1084 3167 F
1107 3135 1160 3167 απσ
1188 3120 1238 3168 Wo.

187 3184 229 3246 Sp.
248 3184 294 3232 Fr.
327 3182 434 3247 graviter
453 3182 476 3233 0
495 3184 549 3231 Mr.
583 3184 647 3232 bene
664 3200 683 3231 π
707 3183 799 3232 habere
819 3199 835 3230 u
859 3184 967 3231 breviter
984 3183 1006 3230 F
1026 3199 1042 3231 σ
1064 3184 1113 3231 Wo.
1132 3185 1174 3247 Sp.
1193 3185 1237 3232 Fr.

189 3253 236 3297 Π.
271 3247 383 3312 sibiipsi
401 3248 421 3296 F
439 3251 479 3310 πψ
498 3249 542 3297 Gr.
561 3249 611 3297 Wo.
645 3263 665 3297 s.
682 3248 736 3313 ipse
744 3249 788 3297 Be.
804 3248 848 3296 Or.
861 3248 905 3297 Bo.
940 3248 985 3296 dat
1001 3248 1147 3312 supplitium
1164 3264 1237 3312 quem

186 3313 288 3363 admissi
303 3314 400 3378 penitet
415 3313 437 3361 F
454 3316 474 3376 ψ
489 3311 583 3376 (amissi
599 3312 627 3375 π)
664 3314 690 3362 d.
706 3328 726 3362 s.
742 3329 767 3377 q.
785 3329 807 3361 a.
825 3313 902 3376 pudet
921 3313 965 3362 Gr.
981 3312 1025 3361 Be.
1041 3314 1084 3363 Or.
1097 3313 1142 3362 Bo.
1183 3330 1239 3378 sup·

187 3379 289 3444 pliciurn
301 3378 403 3428 admissi
415 3394 490 3443 quem
502 3378 612 3443 paenitet
629 3380 679 3427 Wo.
708 3394 728 3428 s.
740 3378 789 3442 ipsi
799 3379 843 3427 dat
855 3393 909 3442 sup.
922 3393 947 3442 q.
960 3392 983 3426 a.
996 3379 1073 3442 pudet
1085 3380 1127 3441 Sp.
1156 3395 1175 3427 s.
1185 3395 1239 3444 sup.

238 3537 285 3578 u.
319 3529 360 3580 cf.
372 3530 519 3586 Menander,
531 3531 635 3579 Monost.
652 3544 681 3579 22
685 3544 698 3591 3
710 3529 726 3588 ἡ
737 3527 785 3591 γὰρ
796 3527 876 3588 σιωπὴ
887 3530 1003 3591 μαρτυρεῖ
1011 3531 1039 3577 τὸ
1050 3531 1084 3589 μὴ
1096 3531 1184 3578 θέλειν.

239 3619 287 3662 17.
321 3612 361 3663 cf.
373 3613 519 3672 Menander,
533 3613 640 3663 Monost.
655 3611 702 3676 667
713 3612 730 3672 ἡ
742 3613 768 3661 δὲ
782 3611 896 3670 μετάνοια
911 3609 1005 3675 γίγνετ’
1021 3615 1154 3675 ἀνθρώπως
1168 3616 1242 3676 κρίσις

188 3696 238 3745 and
251 3695 354 3752 Seneca,
366 3695 445 3744 deira
458 3711 481 3760 3.
495 3694 534 3745 26.
547 3710 570 3744 2.
