2664 4334
514 433 812 484 turnonocrton.
1128 418 1187 482 xiii

134 590 256 661 Seneca,
272 589 397 665 Epistol.
414 590 525 648 Moral.
545 591 610 662 108,
627 590 664 646 8:

196 688 295 746 “Non
319 686 402 747 vides
427 687 682 764 quemadmodum
707 687 821 746 theatra
848 698 1025 762 consonent,
1048 684 1188 765 quotiens

133 785 234 864 aliqua
252 788 334 847 dicta
353 797 430 857 sunt,
452 805 528 864 quae
547 786 668 864 publice
688 786 878 863 agnoscimus
900 798 929 848 et
950 807 1099 848 consensu
1120 805 1189 846 vera

132 903 198 945 esse
219 888 384 946 testamur?

257 993 391 1051 ‘Desunt
412 990 532 1068 inopiae
553 993 654 1064 multa,
676 991 817 1053 avaritiae
838 993 958 1050 omnia'

256 1091 311 1149 ‘In
334 1092 448 1149 nullum
469 1109 572 1150 avarus
595 1091 691 1150 bonus
713 1101 765 1165 est,
788 1089 819 1150 in
841 1110 873 1151 se
894 1090 1059 1168 pessimus!

134 1198 183 1257 Ad
207 1197 263 1256 hos
283 1216 384 1257 versus
409 1196 458 1257 ille
487 1195 706 1257 sordidissimus
735 1196 849 1273 plaudit
877 1207 907 1257 et
931 1195 1010 1258 vitiis
1038 1195 1100 1257 suis
1126 1197 1189 1258 fieri

133 1293 305 1355 convicium
329 1295 439 1371 gaudet
444 1339 516 1354 ......
548 1292 642 1372 magis
669 1293 813 1354 feriuntur
840 1292 931 1354 animi
960 1314 1027 1355 cum
1057 1293 1189 1356 carmina

134 1388 283 1450 eiusmodi
303 1390 385 1449 dicta
405 1399 491 1448 sunt:

217 1495 266 1554 ‘Is
287 1494 412 1553 minimo
433 1506 499 1571 eget
520 1493 652 1554 mortalis
675 1495 724 1570 qui
747 1491 904 1554 minimum
925 1495 1027 1573 cupit!

218 1589 328 1665 ‘Quod
348 1589 419 1659 vult,
442 1589 541 1658 habet,
564 1587 615 1664 qui
636 1589 721 1661 velle,
745 1589 828 1665 quod
850 1587 920 1648 satis
941 1600 994 1663 est,
1017 1589 1160 1666 potest.’''

134 1716 258 1786 Seneca,
273 1713 419 1789 Dialogus
432 1713 466 1771 la
479 1713 693 1788 tranquillitate
705 1713 806 1784 antini,
825 1733 869 1785 11,
887 1714 923 1773 8:

198 1812 399 1886 “Numquam
420 1829 469 1868 me
488 1808 517 1868 in
539 1811 619 1869 bona
640 1808 814 1888 (sententia)
829 1809 899 1869 mali
912 1808 1037 1887 pudebit
1051 1809 1186 1872 auctoris.

134 1908 289 1979 Publilius,
313 1907 430 1985 tragicis
455 1907 638 1984 comicisque
662 1906 868 1967 vehementior
891 1906 1025 1984 ingeniis,
1050 1908 1190 1985 quotiens

135 2006 269 2067 mimicas
302 2007 429 2082 ineptias
458 2016 487 2065 et
514 2007 604 2066 verba
631 2005 672 2064 ad
699 2024 846 2064 summam
875 2024 997 2065 caveam
1026 2007 1190 2082 spectantia

134 2105 259 2183 reliquit,
276 2104 352 2164 inter
365 2104 457 2163 multa
472 2102 531 2163 alia
545 2104 703 2173 cothurno,
719 2122 781 2163 non
800 2112 915 2162 tantum
936 2101 1046 2180 sipario
1060 2102 1189 2174 fortiora,

134 2217 166 2267 et
179 2206 239 2265 hoc
253 2203 311 2263 ait:

260 2309 369 2370 ‘Cuius
390 2319 488 2387 potest
509 2307 643 2369 accidere
664 2308 746 2385 quod
767 2307 907 2384 cuiquam
928 2308 1069 2385 potest.'''

135 2436 257 2505 Seneca,
273 2433 418 2508 Dialogus
431 2432 474 2490 aa'
483 2432 633 2491 Marciam
647 2432 680 2490 de
697 2432 902 2504 Consolatione,
919 2451 945 2507 9,
962 2448 998 2508 5:

199 2529 384 2608 “Egregium
398 2549 515 2589 versum
532 2540 560 2590 et
575 2529 706 2607 dignum,
723 2532 774 2606 qui
789 2549 850 2590 non
865 2549 882 2589 e
897 2532 1014 2607 pulpito
1028 2529 1136 2591 exiret:

260 2629 369 2690 ‘Cuius
390 2639 490 2707 potest
510 2627 653 2701 accidere,
677 2629 760 2704 quod
781 2627 921 2704 cuiquam
943 2627 1086 2705 potest.'”

134 2744 303 2816 Suetonius,
319 2745 478 2820 Fragment
489 2744 521 2802 in
528 2745 645 2821 Jaome
663 2741 768 2801 Cliton.
788 2743 900 2818 Olymp.
920 2744 985 2815 184,
1003 2761 1038 2803 2:

199 2841 359 2903 ‘Laberius
381 2843 544 2901 Mimorum
566 2838 699 2917 scriptor,
717 2839 835 2901 decimo
856 2860 957 2900 mense
975 2852 1042 2917 post
1062 2842 1096 2902 C.
1119 2841 1192 2918 Julii

135 2941 271 3004 Caesaris
290 2939 451 3012 interitum,
473 2938 604 2999 Puteolis
623 2937 753 2998 moritur.
798 2937 942 2998 Publilius
962 2941 1190 3018 Mimographus

134 3039 257 3099 natione
272 3039 361 3114 Syrus
375 3039 493 3096 Romae
507 3054 628 3094 scenam
643 3034 744 3095 tenet?

136 3161 231 3239 Pliny,
247 3161 385 3220 Historia
398 3159 565 3232 Naturalis,
583 3159 609 3230 8,
629 3175 664 3234 77
682 3157 785 3237 (²09)²

199 3261 325 3336 ‘Neque
339 3257 398 3319 alio
413 3277 450 3318 ex
464 3256 584 3316 animali
598 3255 785 3317 numerosior
798 3257 921 3317 materia
935 3277 1056 3335 ganeae.
1097 3257 1191 3334 Quin-

137 3357 281 3436 quaginta
290 3375 384 3434 prope
395 3375 523 3432 sapores‚
536 3374 605 3414 cum
620 3353 724 3414 ceteris
739 3353 852 3431 singuli.
892 3354 976 3415 Hinc
989 3356 1189 3416 censoriarum

136 3459 236 3534 legum
251 3455 377 3532 paginae
391 3452 606 3529 interdictaque
621 3451 703 3511 cenis
722 3451 894 3527 abdomina,
909 3452 1036 3529 glandia,
1052 3453 1189 3527 testiculi,

137 3556 252 3626 vulvae,
274 3549 411 3628 sincipita
431 3548 554 3622 verrina,
577 3560 610 3609 ut
635 3559 736 3608 tamen
759 3548 879 3610 Publilii
900 3549 1059 3610 mimorum
1081 3563 1189 3628 poetae

139 3670 223 3723 cena,
252 3660 411 3726 postquam
440 3645 610 3706 servitutem
644 3658 771 3716 exuerat,
801 3647 883 3705 nulla
915 3658 1094 3707 memoretur
1126 3648 1189 3708 sine

139 3746 310 3818 abdomine,
332 3744 421 3806 etiam
442 3746 590 3805 vocabulo
611 3743 735 3805 suminis
755 3745 794 3804 ab
816 3762 853 3805 eo
872 3743 1033 3821 imposito!
