2664 4334
438 351 601 401 PUBLILII
624 351 707 402 SYRI
731 352 976 403 SENTENTIAE.

182 507 332 572 Stultitia
354 517 405 572 est
427 508 590 584 insectari,
612 529 711 590 quem
735 510 769 573 di
792 510 942 593 diligunt.

132 631 168 676 ιο
182 613 242 678 Sat
265 634 388 696 magna
412 633 511 676 usura
533 622 583 676 est
606 634 666 696 pro
689 614 851 679 beneficio
873 617 1043 680 memoria.

181 718 263 783 Sero
286 721 319 783 in
343 718 473 803 periclis
495 728 546 782 est
568 718 743 783 consilium
767 741 933 802 quaerere.

138 821 250 887 ZSua
272 823 329 906 qui
351 832 461 887 servat
483 822 575 886 salva
597 843 670 886 esse
692 823 763 887 vult
786 826 984 888 communia.

180 925 270 991 Satis
293 937 344 991 est
367 947 522 1010 superare
545 926 725 1004 inimicum,
748 927 887 991 nimium
911 938 962 992 est
985 930 1133 1011 perdere.
1189 941 1236 1005 ⁶75

180 1032 347 1115 Suspicax
370 1033 502 1095 animus
524 1033 673 1095 omnium
697 1033 835 1096 damnat
858 1032 968 1097 fidem.

133 1148 166 1193 ιι
179 1135 334 1219 Suspicio
356 1137 504 1220 probatis
526 1135 630 1199 tacita
652 1136 771 1199 iniuria
794 1122 853 1200 est.

179 1239 335 1322 Superari
357 1261 378 1303 a
400 1241 566 1323 superiore
589 1259 666 1321 pars
689 1249 739 1303 est
761 1240 893 1323 gloriae.

244 1344 438 1427 Supplicem
461 1345 632 1407 hominem
656 1345 850 1426 opprimere,
872 1345 976 1408 virtus
1000 1366 1066 1409 non
1091 1356 1149 1422 est,
1173 1346 1231 1409 sed

309 1448 493 1512 crudelitas

177 1554 259 1619 Sine
282 1554 355 1637 lege
377 1574 486 1637 poena
508 1564 560 1618 est
581 1554 684 1617 animi
707 1554 917 1618 conscientia.
1189 1567 1238 1617 680

179 1658 270 1724 Satis
293 1668 343 1722 est
365 1658 516 1735 disertus,
539 1678 557 1721 e
580 1678 646 1740 quo
670 1658 816 1741 loquitur
837 1659 967 1722 veritas.

128 1853 163 1916 Ψ
244 1857 452 1922 Thesaurum
477 1857 510 1921 in
538 1856 689 1939 sepulcro
719 1859 823 1940 ponit,
846 1858 902 1940 qui
933 1878 1046 1920 senem
1077 1857 1233 1922 heredem

310 1961 396 2026 facit.

177 2141 198 2175 s.
210 2126 394 2175 metuendumst
405 2141 431 2190 q.
443 2126 459 2175 i.
474 2142 498 2190 p.
513 2127 557 2190 Sp.
590 2141 609 2176 5.
624 2126 785 2175 metuendum
800 2134 837 2175 est
848 2142 873 2190 q.
887 2127 903 2175 i.
916 2142 942 2191 p.
955 2127 999 2175 Fr.
1133 2131 1183 2174 ³0.
1213 2142 1234 2176 s.

177 2207 200 2242 e.
226 2192 243 2240 i.
266 2206 341 2255 quem
363 2191 446 2255 diligit
468 2191 498 2240 F.
526 2207 547 2241 5.
566 2207 587 2241 e.
611 2192 627 2239 i.
649 2208 674 2256 q.
691 2207 777 2240 omnes
795 2191 902 2255 diligunt
926 2192 970 2240 Gr.
993 2192 1037 2241 Or.
1056 2192 1102 2240 Bo.
1128 2192 1179 2241 Wo.
1214 2208 1235 2241 5.

177 2273 200 2306 e.
221 2257 238 2304 i.
259 2273 284 2321 q.
308 2256 335 2304 di
352 2257 460 2321 diligunt
482 2257 533 2306 Bu.
555 2257 598 2307 Ri.
624 2258 654 2306 L.
679 2257 733 2306 and
753 2260 786 2305 A.
807 2257 909 2321 Spengel
929 2258 983 2305 Mr.
1005 2257 1048 2306 Fr.
1085 2272 1160 2320 quem
1181 2258 1236 2321 quis

176 2323 260 2386 diligit
282 2323 334 2386 Hg.
465 2327 518 2371 4ο.
552 2323 611 2372 satis
633 2339 657 2371 a.
691 2330 739 2371 stat
761 2339 814 2370 απσ
853 2332 890 2371 sat
917 2337 1008 2386 magna
1030 2332 1067 2372 est
1089 2338 1164 2371 usura
1187 2339 1233 2388 pro

178 2387 301 2438 beneficio
317 2387 438 2436 memoria
455 2388 484 2436 F.
518 2397 556 2437 sat
572 2404 607 2436 m.
624 2404 649 2436 ιι.
670 2403 691 2436 e.
709 2404 734 2452 p.
752 2388 777 2436 b.
795 2403 828 2436 m.
845 2389 947 2453 Ingotrt.
964 2388 1042 2438 editor
1059 2388 1103 2438 Gr.
1123 2389 1167 2437 Or.
1188 2389 1234 2438 Bo.

184 2454 236 2502 Wo.
258 2454 303 2502 Ri.
326 2453 380 2501 Mr.
414 2453 473 2502 satis
495 2469 530 2501 m.
552 2462 649 2502 usurast
672 2469 697 2516 p.
721 2453 746 2501 b.
770 2469 803 2502 m.
828 2454 870 2517 Sp.
905 2461 942 2503 sat
962 2469 996 2502 m.
1017 2470 1043 2517 p.
1064 2454 1090 2502 b.
1111 2469 1137 2502 u.
1156 2469 1179 2503 e.
1199 2470 1233 2502 m.

177 2520 223 2567 Fr.
322 2522 372 2566 41.
406 2533 461 2567 sero
476 2527 513 2568 est
529 2519 555 2567 in
566 2518 682 2584 periculis
693 2518 824 2567 consilium
836 2534 953 2583 quaerere
966 2519 987 2568 F
1001 2519 1046 2569 Gr.
1062 2520 1105 2569 Or.
1141 2535 1160 2568 s.
1174 2535 1195 2569 e.
1210 2535 1233 2568 c.

177 2593 203 2633 te
214 2585 230 2633 i.
245 2581 344 2647 periclis
355 2598 380 2646 q.
392 2583 438 2634 Bo.
473 2600 493 2634 5.
507 2585 523 2632 i.
536 2584 636 2649 periclis
647 2600 668 2633 e.
683 2599 706 2632 c.
718 2599 743 2647 q.
756 2584 881 2632 Desbr‘llon
893 2585 935 2632 Rr'.
953 2585 1005 2634 Wo.
1033 2600 1054 2634 s.
1065 2601 1087 2634 c.
1102 2601 1125 2634 e.
1137 2585 1153 2634 i.
1169 2600 1194 2649 p.
1207 2600 1232 2649 q.

177 2649 279 2712 δι’-Ἑν·
312 2647 495 2711 ZlTlhaw·
514 2665 534 2698 1·
547 2665 586 2713 43·
601 2648 624 2698 ⁶·
638 2664 661 2715 9·
675 2668 713 2724 44,
729 2662 768 2710 45·
783 2648 823 2711 4⁶·
836 2663 876 2712 47·
889 2652 929 2725 4⁸.-
942 2664 982 2714 49·
1103 2653 1155 2699 ⁴²·
1190 2665 1235 2699 ⁸1¹³

177 2715 221 2778 qui
242 2720 323 2762 servat
342 2713 412 2762 salva
434 2714 486 2763 vult
509 2730 563 2764 esse
585 2729 728 2764 communia
748 2715 771 2762 T
814 2730 859 2763 sua
878 2730 920 2779 qur
943 2723 1073 2765 conservat
1092 2715 1161 2764 salva
1182 2715 1235 2764 volt

109 2823 112 2831 .
176 2778 321 2828 communia
337 2779 427 2843 Haupt
461 2795 506 2829 sua
522 2788 603 2829 servat
620 2795 645 2844 q.
663 2778 732 2828 salva
748 2794 801 2828 esse
816 2796 839 2829 v.
858 2796 880 2829 e.
896 2779 988 2828 Nauck
1032 2796 1077 2829 sua
1092 2781 1135 2844 qui
1151 2790 1235 2829 servat

176 2846 247 2893 salva
265 2860 287 2893 e.
308 2859 332 2892 v.
353 2859 375 2893 c.
402 2845 452 2894 Wo.
486 2861 559 2894 suum
581 2861 606 2909 q.
630 2854 711 2894 servat
733 2844 802 2894 salva
824 2861 848 2892 v.
870 2861 893 2895 c.
915 2846 959 2894 Fr.
1030 2851 1082 2894 48.
1119 2846 1179 2895 satis
1197 2854 1235 2895 est

178 2910 307 2959 inimicum
318 2924 434 2972 superare
445 2910 469 2958 T
513 2926 567 2961 se.
586 2911 683 2959 hostem
698 2925 813 2975 superare
832 2909 902 2973 easp.
924 2910 1002 2959 Orelli
1040 2926 1060 2960 s.
1078 2925 1101 2959 e.
1117 2925 1235 2975 superare

178 2975 307 3023 inimicum
322 2975 413 3038 Haupt
433 2976 483 3024 Wo.
499 2977 554 3025 Mr.
591 2983 628 3024 sat
643 2991 666 3024 e.
683 2975 700 3023 i.
716 2976 856 3039 opprimere
872 2977 914 3039 Sp.
955 2984 992 3024 sat
1008 2975 1107 3024 vincere
1118 2991 1140 3025 e.
1155 2975 1171 3025 i.
1187 2976 1232 3026 Fr.

178 3045 230 3089 44.
264 3040 378 3104 suspicax
390 3042 487 3090 animus
499 3041 610 3090 omnium
625 3040 746 3104 dampnat
762 3039 877 3089 fidemT
918 3057 938 3090 s.
950 3056 973 3089 a.
986 3056 1010 3089 o.
1022 3040 1126 3089 damnat
1142 3040 1159 3091 s.
1181 3042 1233 3089 Wo.

176 3105 328 3170 suspiciosus
354 3121 378 3154 ο.
401 3106 427 3154 d.
450 3105 467 3154 s.
491 3107 582 3155 Nauck
603 3107 657 3155 Mr.
695 3105 808 3170 suspicax
832 3107 904 3154 unius
931 3105 1028 3155 animus
1051 3121 1075 3154 o.
1098 3105 1124 3154 d.
1147 3105 1165 3154 f.
1189 3107 1234 3155 Fr.

178 3177 228 3220 46.
262 3186 282 3218 s.
295 3186 321 3235 p.
333 3180 351 3220 t.
366 3171 382 3219 i.
395 3171 454 3220 e.T
471 3173 521 3221 Wo.
537 3173 580 3220 Ri.
593 3173 636 3235 Sp.
648 3171 702 3219 Mr.
731 3187 751 3220 5.
764 3170 923 3235 probatot.i.
936 3187 958 3220 e.
971 3171 1016 3219 Fr.
1094 3176 1145 3219 47.
1174 3187 1195 3220 s.
1208 3171 1234 3220 h.

178 3252 202 3286 ο.
225 3252 249 3284 v.
267 3251 292 3284 ιι.
313 3251 335 3285 e.
355 3253 375 3286 s.
395 3253 417 3287 c.
439 3238 462 3285 T
487 3238 538 3286 Wo.
557 3238 600 3285 Ri.
618 3238 661 3300 Sp.
683 3237 737 3285 Mr.
773 3252 793 3285 5.
813 3251 863 3284 non
883 3244 920 3285 est
939 3235 1081 3300 opprimere
1100 3234 1178 3285 virtus
1197 3247 1235 3286 est

178 3301 310 3352 crudelitas
321 3302 367 3350 Fr.
477 3307 530 3351 48.
564 3303 617 3351 sine
628 3302 684 3366 lege
695 3309 779 3351 autem
790 3316 872 3365 poena
883 3309 920 3350 est
931 3300 1117 3350 eonscientiaT
1145 3317 1165 3350 s.
1178 3300 1195 3349 l.
1208 3318 1234 3367 p.

178 3385 200 3418 e.
221 3383 244 3416 ιι.
263 3382 285 3416 c.
304 3367 349 3416 Ri.
383 3368 459 3418 etiarn
479 3383 499 3416 s.
519 3367 537 3416 l.
558 3383 583 3431 p.
602 3383 624 3416 e.
644 3382 667 3416 c.
688 3366 759 3431 Casp.
780 3367 858 3416 Orelli
890 3382 910 3415 s.
927 3365 945 3414 1.
966 3375 1070 3430 poenast
1093 3365 1191 3416 sceleris
1211 3383 1234 3416 c.

178 3435 268 3499 Haupt
306 3432 622 3499 s.l.p.e.animic.ttlo.
659 3448 679 3481 s.
692 3433 827 3496 lmutap.
840 3447 862 3480 e.
875 3447 896 3480 c.
914 3432 959 3480 Fr.
997 3430 1079 3480 Ohas
1094 3430 1117 3481 6.
1138 3448 1175 3481 ιι.
1194 3447 1235 3481 21.

178 3516 219 3563 30.
236 3516 276 3560 4¹·
293 3515 333 3566 49.
473 3503 524 3547 49.
558 3498 618 3546 satis
632 3498 744 3547 desertus
759 3505 796 3546 est
810 3496 843 3545 de
859 3511 909 3560 quo
925 3496 1035 3560 loquitur
1051 3496 1144 3545 veritas
1155 3497 1179 3545 Τ
1213 3514 1234 3546 5.

179 3565 296 3614 disertust
311 3581 326 3613 e
341 3579 391 3628 quo
409 3563 426 3612 l.
442 3579 466 3610 v.
486 3563 558 3626 Casp.
577 3563 657 3612 Orelli
671 3563 716 3610 Ri.
757 3562 816 3611 satis
833 3570 870 3610 est
885 3562 992 3610 disertus
1008 3577 1022 3610 e
1037 3577 1089 3626 quo
1105 3562 1122 3610 l.
1138 3577 1163 3610 v.
1180 3563 1234 3612 Wo.

176 3638 249 3680 sate.
264 3631 371 3680 disertus
382 3644 428 3693 pro
439 3644 490 3693 quo
501 3629 519 3676 l.
531 3644 555 3676 v.
568 3629 621 3677 Mr.
656 3628 715 3676 satis
725 3628 816 3677 diserte
828 3642 874 3689 pro
885 3642 911 3675 se
922 3627 939 3675 l.
952 3643 976 3674 v.
988 3627 1034 3675 Fr.

227 3692 499 3759 lr1fr0mn1ff)has
513 3710 533 3743 1.
549 3709 613 3757 2.3;
639 3693 759 3758 phas13
785 3692 932 3741 thasra.
972 3689 1050 3756 20⁸)
1067 3692 1112 3742 has
1129 3708 1152 3742 ι.
1169 3713 1192 3755 4.
1212 3709 1235 3755 5.
