2664 4334
137 342 247 405 xxxiv
512 355 810 409 INTRODUCTION.

137 533 183 593 55.
227 517 254 591 J.
270 515 309 573 D.
326 515 353 574 S.
375 516 418 573 M.
462 516 526 574 Par.
572 517 658 592 1561.
703 516 884 575 ‘Sentences
905 515 1030 576 selectes
1052 517 1091 577 de
1113 517 1186 578 Peri·

235 613 337 686 ander,
353 611 529 672 Publian...'
546 611 616 672 with
629 633 647 672 a
662 613 779 673 French
792 631 875 673 verse
889 613 1075 675 translation.

136 732 183 806 56.
228 726 314 787 Rich.
338 730 494 787 Taverner.
539 728 577 786 8⁰.
621 727 717 786 Lond.
764 728 849 803 1562.
892 726 974 786 With
996 729 1092 803 Cat03
1117 730 1187 790 aster

236 828 386 898 Erasmus,
402 825 470 885 with
484 826 659 885 Tavemer’s
675 823 799 901 English
813 836 909 884 notes.
955 827 1012 884 268
1029 826 1157 886 verses*

138 959 183 1019 57.
228 943 308 1001 Hen.
346 940 522 1016 Stephanus.
577 942 633 998 12⁰.
685 942 749 999 Par.
807 941 890 1015 1563.
946 940 1186 1003 ‘Sententiaee

235 1038 357 1101 comicis
372 1038 494 1100 Graecis
509 1049 539 1099 et
553 1037 667 1098 Latinis
677 1037 684 1063 '
688 1061 697 1113 3
718 1037 862 1114 arranged
875 1037 906 1096 in
920 1037 979 1098 loci
993 1058 1187 1112 communes;

234 1139 382 1201 collected
397 1140 435 1215 by
449 1137 494 1197 his
506 1139 601 1198 father
615 1137 740 1208 Robert,
757 1134 885 1195 ‘Erasmi
898 1146 1013 1197 textum
1025 1136 1184 1197 maximam

235 1247 350 1315 partem
364 1236 499 1295 secutus'
518 1232 618 1297 Orelli.

135 1357 182 1433 58.
227 1355 307 1413 Hen.
344 1351 519 1427 Stephanus.
563 1350 601 1407 8⁰.
645 1349 709 1406 Par.
756 1350 840 1424 1564.
888 1348 1084 1425 ‘Fragmenta
1117 1352 1186 1409 Poe·

234 1462 330 1510 tarum
351 1458 485 1507 veterum
510 1447 694 1517 Latinorum,
715 1464 843 1522 quorum
868 1463 958 1522 opera
981 1465 1044 1506 non
1069 1449 1188 1508 extant!

234 1549 283 1609 De
302 1565 402 1607 amore
423 1556 453 1605 et
474 1543 597 1605 Foemina
620 1562 665 1614 22,
684 1544 732 1603 De
752 1541 883 1604 amicitia
904 1554 934 1604 et
954 1537 1118 1607 concordia
1142 1567 1186 1620 11,

235 1647 283 1706 De
297 1646 414 1705 fortuna
429 1654 459 1703 et
473 1644 561 1703 rebus
582 1639 713 1701 adversis
735 1658 781 1718 15,
797 1642 845 1702 De
864 1662 961 1702 rerum
984 1643 1186 1705 vicissitudine

234 1763 262 1820 3,
291 1745 340 1803 De
372 1752 468 1801 morte
499 1750 528 1799 et
555 1739 616 1799 vita
647 1756 691 1817 15,
723 1741 770 1800 De
798 1739 862 1802 otio
889 1751 919 1802 et
947 1741 1054 1802 inertia
1081 1763 1108 1820 3,
1139 1744 1187 1804 De

234 1839 432 1902 beneficentia
457 1849 486 1898 et
509 1836 642 1914 largitate
665 1840 711 1910 18,
734 1837 783 1897 De
803 1838 954 1915 aequitate
974 1840 1034 1900 fide
1056 1852 1085 1901 et
1107 1843 1187 1903 bona

234 1937 418 2001 conscientia
454 1957 498 2009 11,
529 1937 576 1995 De
609 1935 715 1996 iniuria
747 1947 776 1997 et
810 1937 948 2015 superbia
978 1956 1023 2016 15,
1055 1942 1104 2001 De
1131 1940 1188 2002 dis

235 2037 424 2100 simulatione
446 2034 567 2095 fictione
589 2045 619 2095 et
644 2032 803 2095 mendacio
827 2039 872 2108 16,
897 2037 945 2096 De
966 2036 1137 2115 suspicione
1159 2061 1185 2111 2,

236 2139 283 2198 De
316 2132 534 2196 consuetudine
567 2143 597 2193 et
624 2131 807 2209 experientia
837 2135 864 2206 6,
895 2134 943 2193 De
971 2135 1129 2211 prudentia
1157 2147 1187 2197 et

236 2234 395 2311 sagacitate
409 2231 441 2291 in
456 2232 544 2291 rebus
558 2230 681 2308 agendis
698 2247 744 2305 17,
761 2232 809 2291 De
828 2231 994 2292 temeritate
1013 2243 1042 2293 et
1064 2234 1187 2295 stultitia

237 2350 282 2404 14,
305 2332 353 2390 De
378 2327 540 2388 ambitione
564 2338 593 2388 et
616 2326 779 2404 cupiditate
801 2342 828 2400 7,
851 2327 900 2387 De
924 2327 1046 2389 avaritia
1070 2350 1116 2401 11,
1140 2331 1187 2391 De

234 2427 407 2488 fortitudine
428 2425 520 2484 animi
543 2445 589 2498 12,
610 2426 658 2485 De
679 2424 832 2484 iracundia
854 2444 898 2500 11,
917 2426 965 2486 De
982 2428 1139 2489 severitate
1160 2450 1186 2501 2,

235 2528 283 2584 De
300 2521 460 2584 clementia
475 2533 504 2582 et
518 2521 662 2599 patientia
679 2542 724 2594 10,
741 2523 789 2582 De
803 2533 885 2583 metu
904 2543 949 2596 11,
966 2525 1014 2583 De
1033 2524 1138 2586 dolore
1158 2530 1188 2598 6,

235 2626 284 2684 De
305 2623 383 2682 fama
405 2631 434 2681 et
454 2621 547 2698 gloria
568 2641 606 2698 9:
631 2624 686 2695 267
709 2639 806 2680 verses
828 2619 859 2680 in
880 2621 928 2693 all,
950 2622 1024 2681 aiter
1045 2624 1188 2684 Erasmus

235 2724 296 2783 and
319 2717 500 2780 Fabricius*

137 2856 183 2916 59.
228 2838 309 2896 Hen.
332 2835 507 2911 Stephanus.
551 2841 609 2909 3²⁰·
653 2835 718 2893 Par.
765 2837 849 2910 1565.
895 2832 1105 2895 ‘Comicorum
1110 2882 1184 2896 ......

234 2932 416 2994 sententiae!

135 3055 182 3111 60.
226 3049 300 3109 Geo.
317 3043 476 3106 Fabricius.
514 3047 552 3104 8⁰.
590 3043 670 3122 Lips.
710 3048 794 3124 1567.
834 3044 914 3106 With
929 3048 1015 3107 other
1029 3061 1188 3113 sentences

235 3146 382 3207 collected
397 3145 437 3221 by
452 3141 611 3203 Fabricius.

135 3265 183 3321 61.
228 3263 309 3321 Hen.
345 3259 521 3337 Stephanus.
567 3263 624 3318 16⁰.
668 3261 732 3320 Par.
788 3261 873 3337 1569.
927 3262 1073 3338 ῑΓνῶμαιῖ
1128 3267 1184 3341 167

234 3378 331 3418 verses
366 3356 397 3416 in
431 3356 491 3417 loci
526 3375 701 3418 communes
736 3356 805 3416 with
840 3358 891 3418 the
925 3360 1117 3436 explanation
1156 3366 1192 3426 os

235 3455 406 3517 Erasmus*

133 3576 181 3632 62.
225 3573 263 3630 8⁰.
304 3573 409 3633 Colon.
458 3588 542 3647 1571.
586 3568 667 3630 With
682 3571 778 3640 Cat03
800 3570 964 3646 Erasmian,
983 3589 1041 3646 270
1056 3576 1186 3637 verses*

135 3690 182 3765 65.
225 3687 299 3747 Geo.
316 3682 475 3745 Fabricius.
518 3683 598 3762 Lips.
645 3701 730 3762 1571.
