2664 4334
436 355 603 407 PUBLILII
625 356 709 408 SYRI
732 357 981 411 SENTENTIAE.
1192 361 1235 427 29

127 516 164 579 Ψ
179 513 305 576 Probus
329 511 466 576 libertus
488 514 561 577 sine
583 523 703 578 natura
725 524 775 579 est
801 513 896 580 filius.

179 616 341 681 Prodesse
363 619 420 699 qui
442 616 514 681 vult
537 637 598 682 nec
620 628 742 700 potest,
764 639 870 700 aeque
893 628 943 683 est
967 619 1073 684 miser.
1186 649 1235 700 490

179 720 306 784 Pericla
328 721 466 785 timidus
489 723 591 785 etiam
614 743 700 805 quae
723 743 791 786 non
814 732 892 786 sunt
913 723 1013 787 videt.

180 827 292 891 Pudor
313 827 425 890 doceri
449 847 516 890 non
539 835 660 909 potest,
683 829 773 890 nasci
796 837 916 909 potest.

149 931 258 998 uPlus
281 940 333 995 est
355 951 457 1013 quam
480 951 590 1012 poena
611 932 719 994 sinere
741 932 899 995 miserum
921 933 1038 997 vivere.

179 1035 346 1099 Pudorem
370 1034 516 1098 alienum
538 1037 596 1117 qui
619 1037 724 1119 eripit,
747 1037 857 1118 perdit
878 1056 985 1101 suum.

178 1139 345 1203 Patientia
368 1141 470 1203 animi
493 1139 640 1204 occultas
664 1141 797 1205 divitias
819 1141 929 1206 habet.

179 1246 297 1309 Peiora
319 1244 427 1309 multa
448 1246 575 1328 cogitat
597 1255 710 1310 mutus
733 1245 836 1309 dolor.

179 1350 325 1413 Pecunia
348 1371 414 1414 una
436 1352 584 1434 regimen
608 1360 659 1415 est
682 1371 790 1415 rerum
814 1353 974 1416 omnium.

133 1469 165 1513 ιο
179 1453 292 1517 Pudor
314 1455 470 1518 dimissus
493 1448 677 1537 numquam
700 1456 785 1518 redit
807 1456 839 1518 in
864 1456 1017 1537 gratiam.

180 1559 345 1623 Perdendi
368 1557 468 1623 finem
492 1580 591 1623 nemo
614 1559 676 1622 nisi
700 1570 831 1642 egestas
855 1561 942 1625 facit.

180 1665 293 1729 Poena
316 1666 359 1729 ad
383 1665 508 1729 malum
532 1685 677 1747 serpens,
699 1665 766 1728 iam
789 1686 865 1729 cum
888 1675 1054 1749 properat,
1068 1665 1168 1730 venit.
1188 1692 1236 1743 500

180 1768 260 1832 Plus
283 1778 334 1832 est
357 1789 457 1852 quam
480 1789 590 1852 poena
613 1768 751 1832 iniuriae
774 1770 997 1834 succumbere.

180 1873 245 1936 Pro
268 1873 433 1937 medicina
455 1882 506 1936 est
528 1873 633 1947 dolor,
654 1872 805 1936 dolorem
829 1874 885 1955 qui
908 1881 1014 1936 necat.

135 1990 165 2034 11⁵
180 1977 316 2040 Patiens
339 1985 373 2039 et
396 1975 489 2039 fortis
512 1996 548 2038 se
571 1977 680 2059 ipsum
703 1975 833 2039 felicem
856 1976 943 2040 facit.

181 2082 374 2164 Prospicere
397 2081 430 2142 in
453 2101 536 2163 pace
559 2089 700 2163 oportet,
723 2080 813 2163 quod
836 2082 961 2145 bellum
985 2082 1084 2146 iuvet.

181 2185 304 2249 Parens
327 2185 430 2248 iratus
454 2184 487 2247 in
510 2204 546 2246 se
569 2193 619 2248 est
642 2184 896 2249 crudelissimus.
1188 2213 1234 2264 505

228 2359 255 2406 Ψ
270 2357 345 2418 [from
359 2357 395 2418 Π]
411 2356 453 2416 (F)
469 2355 514 2405 has
533 2370 624 2419 1—513
643 2355 822 2419 Warthave
839 2371 861 2404 a.
878 2354 901 2406 6.
923 2372 960 2406 ιο.
976 2370 1000 2421 9.
1017 2358 1039 2406 8.
1058 2374 1083 2405 x.
1101 2373 1138 2406 rr.
1156 2374 1179 2405 x.
1194 2373 1233 2408 ar.

180 2439 221 2486 ²4·
239 2440 279 2486 25.
295 2439 335 2487 30.
348 2438 386 2486 35.
406 2420 446 2486 36.
463 2435 501 2486 39.
517 2433 557 2483 45.
570 2423 610 2484 48.
623 2436 663 2486 49.
678 2420 756 2496 (Bart.
775 2421 893 2486 omitting
907 2422 961 2497 148);
980 2440 998 2469 π
1008 2421 1054 2471 has
1066 2437 1089 2499 ³:
1102 2424 1126 2471 8.
1141 2435 1177 2486 15.
1196 2435 1234 2486 17.

179 2487 560 2604 atratarrrttri.
581 2491 836 2615 ...tamt
848 2488 986 2602 triti
997 2488 1234 2617 arferat?

179 2620 258 2668 edr‘trr
276 2619 327 2668 Wo.
342 2619 423 2667 sinere
437 2619 481 2682 Sp.
493 2617 546 2667 sine
557 2633 602 2682 spe
619 2618 670 2666 Wo.
682 2619 737 2666 Mr.
753 2615 877 2666 sinerem?
895 2618 947 2678 (the
962 2626 1062 2668 context
1077 2619 1141 2669 from
1153 2619 1236 2669 which

179 2684 224 2733 the
234 2692 350 2733 sentence
362 2683 383 2732 is
394 2683 520 2732 extracted
531 2684 608 2746 being
619 2683 695 2732 taken
707 2682 760 2731 into
772 2683 896 2742 account).
1018 2690 1046 2733 8.
1082 2687 1160 2735 multa
1173 2696 1230 2734 MSS.

183 2751 227 2800 Gr.
243 2749 287 2798 Or.
300 2749 379 2798 multo
401 2748 560 2797 Tzschuckius
582 2749 632 2797 Wo.
653 2749 695 2812 Sp.
707 2749 762 2796 Mr.
774 2747 924 2812 multiloquo
940 2748 1017 2812 agitat
1034 2749 1080 2798 Bo.
1098 2750 1171 2800 inulti
1188 2751 1234 2799 Fr.

182 2819 209 2862 ⁹.
242 2814 350 2891 pecunia
365 2814 403 2862 Fa
417 2815 524 2877 pecunia
538 2828 589 2863 una
607 2814 649 2862 Gr.
671 2814 715 2862 Or.
733 2814 779 2861 Bo.
801 2814 851 2863 Wo.
872 2814 992 2877 pecuniae
1008 2814 1051 2863 nni
1070 2816 1112 2863 Ri.
1128 2815 1235 2880 pecunia

180 2879 276 2928 homini
287 2880 329 2955 Sp.
344 2879 464 2943 pecuniae
475 2894 550 2928 omne
560 2880 606 2929 Fr.
726 2883 775 2925 10.
809 2878 873 2926 redit
885 2879 910 2926 in
921 2880 1026 2943 gratiam
1040 2892 1099 2929 mss.
1117 2882 1167 2930 Wo.
1180 2882 1235 2929 Mr.

182 2946 226 2994 Fr.
244 2945 325 2994 reddrt
340 2944 445 3007 gratiam
461 2946 504 3008 Sp.
616 2948 665 2991 12.
699 2945 823 3007 serpentia
838 2959 894 2993 eum
908 2945 1164 3010 proteratherpens
1179 2960 1236 2995 cum

181 3017 298 3074 properat
317 3011 419 3072 Ingvlst.
439 3010 516 3058 editor
547 3025 648 3073 serpens
668 3016 695 3058 ut
712 3016 829 3073 properat
849 3010 893 3059 Gr.
916 3010 959 3058 Or.
977 3011 1023 3058 Bo.
1040 3011 1163 3075 serpendo
1180 3027 1236 3059 cum

181 3082 298 3139 properat
320 3076 370 3125 Wo.
389 3090 415 3138 p.
428 3090 450 3124 a.
465 3091 499 3123 m.
512 3075 603 3124 sensim
618 3090 719 3138 serpens
734 3074 784 3122 hau
801 3089 937 3138 properans
952 3075 1019 3124 venit
1035 3075 1077 3123 Ri.
1089 3091 1115 3139 p.
1131 3091 1154 3123 a.
1169 3091 1204 3123 m.
1216 3076 1236 3126 it

181 3140 304 3204 serpendo
319 3156 376 3189 curn
392 3156 418 3189 se
429 3140 538 3203 proferat
554 3141 598 3204 Sp.
633 3140 713 3188 malos
728 3146 755 3187 nt
770 3154 852 3203 poena
868 3147 978 3203 proterat
993 3155 1095 3204 serpens
1106 3140 1174 3190 venit
1189 3142 1236 3189 Bo.

181 3221 264 3270 poena
279 3205 312 3254 ad
326 3205 420 3254 malum
436 3206 545 3270 serpenti
562 3214 619 3255 actu
630 3220 799 3270 approperans
811 3204 879 3253 venit
894 3206 940 3252 Fr.
952 3221 978 3268 p.
991 3221 1014 3253 a.
1026 3222 1061 3254 m.
1073 3220 1174 3269 serpens
1186 3206 1236 3254 iam

182 3286 238 3320 cum
250 3277 368 3335 properat
379 3270 464 3320 venit?
607 3276 655 3318 14.
688 3270 760 3318 dolor
772 3276 808 3318 est
837 3270 863 3318 ui
875 3269 987 3319 dolorem
998 3278 1070 3320 necat
1083 3271 1105 3318 F
1116 3279 1153 3320 est
1164 3270 1237 3319 dolor

181 3336 225 3400 qui
240 3335 354 3384 dolorem
368 3344 441 3385 necat
455 3337 559 3400 Ingolst.
575 3336 654 3384 editor
677 3336 749 3384 dolor
765 3340 802 3383 est
818 3285 930 3383 folorem
945 3336 988 3399 qui
1002 3342 1075 3384 necat
1092 3337 1136 3384 Gr.
1156 3336 1200 3384 Or.
1213 3351 1235 3385 e.

181 3401 294 3450 dolorem
309 3417 335 3465 q.
349 3400 421 3449 dolor
435 3402 516 3451 enicat
531 3401 578 3450 Bo.
590 3417 613 3450 e.
625 3400 698 3449 dolor
713 3400 826 3448 dolorem
841 3415 867 3464 q.
879 3409 951 3449 necat
968 3402 1018 3450 Wo.
1033 3401 1078 3450 Ri.
1090 3402 1133 3464 Sp.
1146 3402 1200 3449 Mr.
1212 3416 1236 3450 e.

247 3613 274 3658 ⁹.
310 3608 349 3659 Cf.
365 3608 506 3673 Euripides,
517 3609 622 3670 Fragm-
634 3607 723 3670 χρυσὸς
733 3607 782 3670 γάρ
794 3608 868 3668 ἐστιν,
882 3609 906 3658 ὃς
916 3610 1010 3671 βροτῶν
1022 3610 1075 3670 ἔχει
1087 3609 1170 3673 κράτη.

248 3697 298 3740 1ο.
331 3690 372 3741 Cf.
384 3690 487 3750 Seneca,
501 3691 593 3754 Agam.
608 3705 662 3753 113.
