2664 4334
206 336 244 400 18
458 352 622 403 ruunrnn
645 355 729 405 svru
752 355 999 407 suurnnrrnn.

204 502 420 566 Iniuriarum
443 507 643 569 remedium
667 517 723 571 est
745 510 891 573 obhvio.

269 606 479 671 iracundiam
503 610 560 691 qui
583 609 694 687 vincit,
716 611 847 676 hostem
870 623 1005 696 superat
1028 617 1226 679 maximum.

204 708 333 774 Iactum
357 713 500 777 tacendo
523 714 646 778 crimen
671 715 772 780 facias
795 718 909 782 acrius.

269 814 309 878 In
332 815 429 879 malis
452 837 583 900 sperare
606 819 692 884 bene
714 820 777 883 nisi
799 822 959 885 innocens
982 843 1082 886 nemo
1105 822 1198 887 solet.

159 929 190 974 2³
204 919 244 983 In
266 921 467 985 vindicando
490 923 668 986 criminosa
689 934 740 988 est
762 925 921 990 celeritas.
1211 944 1259 1004 285

203 1024 380 1089 Inimicum
403 1028 555 1108 quamvis
577 1027 737 1092 humilem
761 1029 851 1093 docti
873 1040 924 1094 est
947 1039 1103 1094 metuere.

204 1127 244 1191 In
267 1129 463 1193 calamitoso
485 1131 568 1194 risus
590 1133 692 1195 etiam
716 1133 836 1195 iniuria
858 1143 917 1197 est.

205 1232 314 1296 Iudex
336 1234 524 1311 damnatur,
546 1254 621 1298 cum
645 1255 767 1299 nocens
790 1235 978 1300 absolvitur.

204 1336 380 1419 Ignoscere
402 1336 574 1402 hominum
598 1349 659 1415 est,
682 1339 744 1403 nisi
767 1341 873 1421 pudet
894 1340 947 1402 cui
970 1340 1161 1423 ignoscitur.

160 1439 243 1503 ³011]
268 1439 365 1503 rebus
387 1439 496 1503 dubiis
519 1440 652 1522 plurimi
676 1451 726 1505 est
752 1441 900 1504 audacia.
1211 1472 1260 1525 290

205 1541 269 1606 Illo
291 1562 414 1606 nocens
437 1564 472 1606 se
495 1544 644 1620 damnat,
665 1564 733 1626 quo
756 1553 872 1626 peccat
895 1545 956 1609 die.

205 1647 258 1711 Ita
280 1647 378 1711 crede
401 1648 517 1723 amico,
541 1669 583 1712 ne
604 1649 648 1713 sit
671 1650 806 1713 inimico
828 1648 928 1713 locus.

206 1751 315 1815 Iratus
337 1752 439 1815 etiam
462 1751 590 1816 facinus
612 1753 788 1817 consilium
812 1762 917 1835 putat.

206 1857 337 1921 Invidia
359 1855 514 1941 loquitur,
536 1858 626 1940 quod
648 1859 749 1936 videt,
771 1879 839 1921 non
861 1857 952 1942 quod
975 1859 1100 1924 subest.

156 1958 190 2021 11
206 1961 364 2024 Iniuriam
389 1982 484 2025 aures
507 1982 608 2044 quam
632 1963 719 2026 oculi
741 1961 870 2026 facilius
893 1962 1009 2027 ferunt
1211 1992 1258 2046 295

161 2075 192 2120 ³⁶
206 2065 298 2128 Iacet
319 2065 428 2128 omnis
451 2066 563 2146 virtuS,
587 2065 676 2130 fama
698 2067 761 2130 nisi
784 2065 851 2130 late
874 2075 974 2149 patet.

207 2168 298 2250 ignis
320 2189 417 2231 suum
440 2168 584 2233 calorem
607 2171 709 2233 etiam
732 2171 765 2233 in
789 2170 874 2233 ferro
897 2179 997 2234 tenet.

204 2348 343 2398 inimiciora
354 2350 399 2398 Fr.
427 2349 445 2398 i.
457 2350 532 2399 tacite
543 2349 674 2414 propalam
685 2350 722 2399 ira
732 2349 845 2400 irascitur
858 2352 883 2399 T
881 2351 906 2399 Ιι.
919 2351 1043 2401 Fritzsche
1085 2356 1136 2401 28.
1165 2354 1258 2404 iactum

205 2427 264 2464 Mss.
278 2417 376 2478 (except
386 2415 464 2464 ictum
474 2416 495 2463 F
506 2415 556 2463 and
568 2414 663 2465 sactum
674 2415 770 2480 Gryph.
783 2416 825 2464 Ps.
837 2417 880 2465 Be.
896 2417 938 2465 Or.
948 2418 1004 2480 Sp.)
1031 2418 1138 2467 tacendo
1147 2419 1195 2469 BA
1207 2421 1258 2468 Pn.

211 2481 261 2528 Wo.
274 2480 316 2543 Sp.
350 2480 482 2530 tacendum
498 2481 518 2529 P
534 2487 657 2529 tacentem
674 2481 720 2529 RF
736 2480 811 2530 facies
829 2481 853 2530 R
869 2481 1055 2546 interpretando
1072 2483 1166 2533 crimen
1182 2484 1259 2535 iacias

204 2545 348 2595 acriusMr.
369 2548 460 2594 iactum
472 2545 534 2594 inte
546 2546 652 2595 tacendo
664 2561 768 2595 acumen
779 2547 873 2596 crimen
883 2546 959 2596 iacias
970 2547 1050 2596 acrius
1061 2549 1106 2596 Fr.
1141 2552 1190 2600 2⁸.
1221 2552 1258 2600 iu·

204 2609 313 2659 dicando
333 2610 428 2660 HBCF
448 2611 493 2660 Gr.
513 2611 557 2660 Ri.
579 2612 633 2661 Mr.
677 2612 827 2660 vindicando
848 2612 963 2662 PRASE
985 2613 1035 2662 Er.
1061 2613 1104 2663 Or.
1130 2615 1177 2665 Bo.
1205 2617 1258 2665 Wo.

205 2677 247 2739 Sp.
260 2675 304 2724 Fr.
436 2680 487 2725 28.
523 2692 580 2726 cum
592 2688 650 2726 Mss.
664 2677 762 2740 (except
774 2677 797 2727 O
810 2677 892 2726 which
903 2678 948 2726 has
959 2677 1001 2726 ubi
1012 2676 1078 2741 Mr.)
1096 2679 1147 2728 Wo.
1159 2681 1202 2744 Sp.
1211 2682 1257 2730 Fr.

206 2745 255 2789 20.
291 2739 420 2790 hominum
441 2753 499 2790 uss.
519 2740 618 2806 (except
637 2741 655 2791 S
675 2741 757 2791 which
777 2743 822 2792 has
838 2743 974 2792 humanum
991 2741 1051 2808 Er.)
1074 2745 1126 2792 Wo.
1144 2746 1187 2810 Sp.
1202 2747 1257 2795 Mr.

205 2805 299 2855 humile
310 2806 353 2854 Ri.
386 2806 434 2856 nisi
447 2819 503 2856 Mss.
519 2809 616 2872 (except
626 2807 669 2856 ubi
682 2809 734 2857 Inc.
749 2806 814 2869 Mr.)
833 2809 882 2856 Wo.
893 2808 937 2872 Sp.
949 2808 1002 2857 Mr.
1099 2814 1151 2859 ⁸⁴.
1185 2811 1220 2861 So
1232 2812 1259 2861 in

207 2872 234 2920 H
255 2871 306 2920 Wo.
318 2872 363 2919 Fr.
397 2872 465 2936 quod
480 2872 547 2920 videt
562 2872 672 2936 loquitur
687 2873 708 2922 F
723 2873 832 2936 loquitur
849 2871 958 2936 (omittin
990 2873 1057 2937 quod
1072 2874 1151 2935 videt)
1164 2876 1259 2927 PRBA

205 2936 301 2986 invidia
316 2937 342 2986 id
359 2937 469 3001 loquitur
485 2953 509 3002 q.
529 2953 552 2987 v.
572 2938 626 2986 Mr.
646 2939 690 3001 Sp.
724 2938 839 3003 coquitur
854 2938 898 2987 Ri.
932 2889 1017 2987 thid
1034 2939 1101 3003 quod
1118 2940 1190 2991 obest
1206 2957 1257 2991 non

206 3002 274 3067 quod
289 3003 373 3052 subest
387 3003 431 3052 Gr.
446 3004 490 3052 Or.
523 3002 540 3050 i.
552 3002 569 3051 l.
584 3003 610 3051 id
621 3019 646 3068 q.
658 3005 728 3053 abest
740 3020 764 3053 n.
779 3020 803 3068 q.
818 3020 838 3053 s.
850 3003 896 3052 Bo.
909 3011 953 3052 not
964 3003 990 3052 in
1003 3003 1129 3054 Erasmus'
1140 3006 1257 3056 editions.

206 3070 230 3117 11
247 3065 297 3131 (H)
312 3067 357 3116 has
375 3083 413 3132 19.
430 3084 468 3119 ιι.
486 3081 525 3132 35.
542 3067 580 3131 36.
599 3082 621 3131 5.
641 3083 664 3132 7.
680 3083 704 3134 9.
724 3085 761 3119 ιο.
777 3085 814 3118 12.
830 3083 869 3133 37.
884 3070 924 3132 38.
941 3082 980 3133 39.
998 3085 1037 3133 34.
1055 3084 1147 3134 ι5.4ο.
1165 3074 1257 3134 18.41.

206 3133 873 3265 (tyhfaffihhltrihger((titia
887 3137 1257 3265 t·llss·3⁴⁵²;{{3⁵.l·.²3⁶2(}:

205 3264 452 3379 silenitis:
466 3278 514 3378 ll..
529 3265 1148 3395 Sillii(.⁵:la{ll{⁹it(.......lt
1160 3283 1258 3396 plis(

205 3397 259 3445 Mr.
272 3396 317 3443 Fr.
416 3400 467 3443 87.
500 3411 571 3462 suum
583 3396 691 3445 calorem
702 3397 777 3445 etiam
790 3396 826 3443 H.
844 3395 894 3443 Wo.
907 3411 928 3444 e.
943 3410 962 3445 s.
976 3395 1095 3447 c.FMr.
1109 3397 1153 3445 Fr.
1166 3412 1188 3446 c.
1201 3414 1220 3448 s.
1236 3415 1258 3448 e.

450 3618 498 3662 21.
533 3613 635 3676 Quoted
645 3613 680 3675 by
691 3614 795 3672 Seneca,
810 3614 889 3676 Epire.
904 3628 944 3679 94.
958 3615 998 3663 28.

450 3702 500 3745 20.
535 3696 574 3745 Cf.
587 3695 748 3746 Phaedrusr.
764 3699 800 3746 18.
815 3711 837 3744 1.
