<?xml version="1.0" encoding="UTF-8"?>
<!DOCTYPE html PUBLIC "-//W3C//DTD XHTML 1.0 Transitional//EN"
    "http://www.w3.org/TR/xhtml1/DTD/xhtml1-transitional.dtd">
<html xmlns="http://www.w3.org/1999/xhtml" xml:lang="en" lang="en">
 <head>
  <title>
</title>
<meta http-equiv="Content-Type" content="text/html;charset=utf-8" />
  <meta name='ocr-system' content='tesseract 3.04.00' />
  <meta name='ocr-capabilities' content='ocr_page ocr_carea ocr_par ocr_line ocrx_word'/>
</head>
<body>
  <div class='ocr_page' id='page_1' title='image "./publiliisyrisen00blicgoog/publiliisyrisen00blicgoog_0088.png"; bbox 0 0 2664 4334; ppageno 0'>
   <div class='ocr_carea' id='block_1_1' title="bbox 355 370 892 427">
    <p class='ocr_par' dir='ltr' id='par_1_1' title="bbox 355 370 892 427">
     <span class='ocr_line' id='line_1_1' title="bbox 355 370 892 427; baseline 0.015 -8"><span class='ocrx_word' id='word_1_1' title='bbox 355 370 517 421; x_wconf 91' lang='lat' dir='ltr'>PUBLILII</span> <span class='ocrx_word' id='word_1_2' title='bbox 540 371 624 422; x_wconf 86' lang='lat' dir='ltr'>SYRI</span> <span class='ocrx_word' id='word_1_3' title='bbox 647 373 892 427; x_wconf 83' lang='lat' dir='ltr'>SENTENTIAE.</span> 
     </span>
    </p>
   </div>
   <div class='ocr_carea' id='block_1_2' title="bbox 44 525 1227 2909">
    <p class='ocr_par' dir='ltr' id='par_1_2' title="bbox 95 525 946 615">
     <span class='ocr_line' id='line_1_2' title="bbox 95 525 946 615; baseline 0.012 -27"><span class='ocrx_word' id='word_1_4' title='bbox 95 525 137 589; x_wconf 94' lang='lat' dir='ltr'>In</span> <span class='ocrx_word' id='word_1_5' title='bbox 160 546 280 590; x_wconf 88' lang='lat' dir='ltr'>venere</span> <span class='ocrx_word' id='word_1_6' title='bbox 303 547 434 609; x_wconf 88' lang='lat' dir='ltr'>semper</span> <span class='ocrx_word' id='word_1_7' title='bbox 455 538 584 593; x_wconf 90' lang='lat' dir='ltr'>certant</span> <span class='ocrx_word' id='word_1_8' title='bbox 606 530 702 594; x_wconf 86' lang='lat' dir='ltr'>dolor</span> <span class='ocrx_word' id='word_1_9' title='bbox 723 540 756 595; x_wconf 93' lang='lat' dir='ltr'>et</span> <span class='ocrx_word' id='word_1_10' title='bbox 778 531 946 615; x_wconf 87' lang='lat' dir='ltr'>gaudium.</span> 
     </span>
    </p>

    <p class='ocr_par' dir='ltr' id='par_1_3' title="bbox 60 630 941 718">
     <span class='ocr_line' id='line_1_3' title="bbox 60 630 941 718; baseline 0.01 -26"><span class='ocrx_word' id='word_1_11' title='bbox 60 635 65 642; x_wconf 85' lang='lat'>&#39;</span> <span class='ocrx_word' id='word_1_12' title='bbox 95 630 137 692; x_wconf 90' lang='lat' dir='ltr'>In</span> <span class='ocrx_word' id='word_1_13' title='bbox 160 651 274 695; x_wconf 91' lang='lat' dir='ltr'>amore</span> <span class='ocrx_word' id='word_1_14' title='bbox 296 630 402 695; x_wconf 90' lang='lat' dir='ltr'>forma</span> <span class='ocrx_word' id='word_1_15' title='bbox 424 631 498 714; x_wconf 93' lang='lat' dir='ltr'>plus</span> <span class='ocrx_word' id='word_1_16' title='bbox 520 632 608 699; x_wconf 90' lang='lat' dir='ltr'>valet</span> <span class='ocrx_word' id='word_1_17' title='bbox 630 655 731 718; x_wconf 92' lang='lat' dir='ltr'>quam</span> <span class='ocrx_word' id='word_1_18' title='bbox 754 637 941 701; x_wconf 86' lang='lat' dir='ltr'><strong>auctoritas.</strong></span> 
     </span>
    </p>

    <p class='ocr_par' dir='ltr' id='par_1_4' title="bbox 44 734 1150 927">
     <span class='ocr_line' id='line_1_4' title="bbox 44 734 1150 825; baseline 0.007 -28"><span class='ocrx_word' id='word_1_19' title='bbox 44 746 81 791; x_wconf 62' lang='grc' dir='ltr'><strong>ω</strong></span> <span class='ocrx_word' id='word_1_20' title='bbox 95 734 235 818; x_wconf 86' lang='lat' dir='ltr'>Ingrata</span> <span class='ocrx_word' id='word_1_21' title='bbox 257 744 335 799; x_wconf 93' lang='lat' dir='ltr'>sunt</span> <span class='ocrx_word' id='word_1_22' title='bbox 358 734 526 813; x_wconf 89' lang='lat' dir='ltr'>beneficia,</span> <span class='ocrx_word' id='word_1_23' title='bbox 548 737 668 820; x_wconf 92' lang='lat' dir='ltr'>quibus</span> <span class='ocrx_word' id='word_1_24' title='bbox 690 759 802 802; x_wconf 90' lang='lat' dir='ltr'>comes</span> <span class='ocrx_word' id='word_1_25' title='bbox 824 750 876 803; x_wconf 92' lang='lat' dir='ltr'>est</span> <span class='ocrx_word' id='word_1_26' title='bbox 899 751 1015 808; x_wconf 82' lang='lat' dir='ltr'>metus.</span> <span class='ocrx_word' id='word_1_27' title='bbox 1101 776 1150 825; x_wconf 80' lang='lat'>300</span> 
     </span>
     <span class='ocr_line' id='line_1_5' title="bbox 94 841 899 927; baseline 0.006 -24"><span class='ocrx_word' id='word_1_28' title='bbox 94 841 298 923; x_wconf 89' lang='lat' dir='ltr'>Imprudens</span> <span class='ocrx_word' id='word_1_29' title='bbox 320 849 445 922; x_wconf 86' lang='lat' dir='ltr'>peccat,</span> <span class='ocrx_word' id='word_1_30' title='bbox 468 860 567 922; x_wconf 92' lang='lat' dir='ltr'>quem</span> <span class='ocrx_word' id='word_1_31' title='bbox 591 844 719 927; x_wconf 86' lang='lat' dir='ltr'>peccati</span> <span class='ocrx_word' id='word_1_32' title='bbox 742 844 899 926; x_wconf 89' lang='lat' dir='ltr'>poenitet.</span> 
     </span>
    </p>

    <p class='ocr_par' dir='ltr' id='par_1_5' title="bbox 44 945 926 1743">
     <span class='ocr_line' id='line_1_6' title="bbox 96 945 787 1030; baseline 0.006 -22"><span class='ocrx_word' id='word_1_33' title='bbox 96 946 222 1010; x_wconf 92' lang='lat' dir='ltr'>Inertia</span> <span class='ocrx_word' id='word_1_34' title='bbox 245 945 419 1021; x_wconf 89' lang='lat' dir='ltr'>indicatur,</span> <span class='ocrx_word' id='word_1_35' title='bbox 440 965 517 1008; x_wconf 92' lang='lat' dir='ltr'>cum</span> <span class='ocrx_word' id='word_1_36' title='bbox 540 945 664 1030; x_wconf 82' lang='lat' dir='ltr'>fugitur</span> <span class='ocrx_word' id='word_1_37' title='bbox 686 947 787 1012; x_wconf 90' lang='lat' dir='ltr'>labor.</span> 
     </span>
     <span class='ocr_line' id='line_1_7' title="bbox 96 1049 926 1126; baseline 0.002 -12"><span class='ocrx_word' id='word_1_38' title='bbox 96 1051 216 1126; x_wconf 88' lang='lat' dir='ltr'>Iratus,</span> <span class='ocrx_word' id='word_1_39' title='bbox 238 1070 315 1112; x_wconf 93' lang='lat' dir='ltr'>cum</span> <span class='ocrx_word' id='word_1_40' title='bbox 337 1049 380 1113; x_wconf 89' lang='lat' dir='ltr'>ad</span> <span class='ocrx_word' id='word_1_41' title='bbox 403 1068 439 1112; x_wconf 93' lang='lat' dir='ltr'>se</span> <span class='ocrx_word' id='word_1_42' title='bbox 461 1050 566 1125; x_wconf 92' lang='lat' dir='ltr'>rediit,</span> <span class='ocrx_word' id='word_1_43' title='bbox 588 1051 650 1115; x_wconf 93' lang='lat' dir='ltr'>sibi</span> <span class='ocrx_word' id='word_1_44' title='bbox 673 1061 746 1115; x_wconf 92' lang='lat' dir='ltr'>turn</span> <span class='ocrx_word' id='word_1_45' title='bbox 769 1051 926 1118; x_wconf 88' lang='lat' dir='ltr'>irascitur.</span> 
     </span>
     <span class='ocr_line' id='line_1_8' title="bbox 94 1155 882 1238; baseline 0.003 -21"><span class='ocrx_word' id='word_1_46' title='bbox 94 1155 138 1217; x_wconf 94' lang='lat' dir='ltr'>In</span> <span class='ocrx_word' id='word_1_47' title='bbox 160 1174 273 1218; x_wconf 91' lang='lat' dir='ltr'>amore</span> <span class='ocrx_word' id='word_1_48' title='bbox 296 1173 427 1235; x_wconf 89' lang='lat' dir='ltr'>semper</span> <span class='ocrx_word' id='word_1_49' title='bbox 448 1173 548 1218; x_wconf 84' lang='lat' dir='ltr'>causa</span> <span class='ocrx_word' id='word_1_50' title='bbox 570 1155 685 1219; x_wconf 91' lang='lat' dir='ltr'>damni</span> <span class='ocrx_word' id='word_1_51' title='bbox 707 1156 882 1238; x_wconf 90' lang='lat' dir='ltr'>quaeritur.</span> 
     </span>
     <span class='ocr_line' id='line_1_9' title="bbox 44 1259 877 1344; baseline 0.008 -26"><span class='ocrx_word' id='word_1_52' title='bbox 44 1273 80 1318; x_wconf 68' lang='lat' dir='ltr'>aa</span> <span class='ocrx_word' id='word_1_53' title='bbox 95 1262 248 1325; x_wconf 88' lang='lat' dir='ltr'>Iucunda</span> <span class='ocrx_word' id='word_1_54' title='bbox 270 1259 400 1323; x_wconf 90' lang='lat' dir='ltr'>macula</span> <span class='ocrx_word' id='word_1_55' title='bbox 421 1269 473 1323; x_wconf 92' lang='lat' dir='ltr'>est</span> <span class='ocrx_word' id='word_1_56' title='bbox 495 1282 539 1324; x_wconf 89' lang='lat' dir='ltr'>ex</span> <span class='ocrx_word' id='word_1_57' title='bbox 563 1261 686 1324; x_wconf 93' lang='lat' dir='ltr'>inimici</span> <span class='ocrx_word' id='word_1_58' title='bbox 708 1262 877 1344; x_wconf 87' lang='lat' dir='ltr'>sanguine.</span> 
     </span>
     <span class='ocr_line' id='line_1_10' title="bbox 93 1364 830 1446; baseline -0.001 -18"><span class='ocrx_word' id='word_1_59' title='bbox 93 1366 136 1428; x_wconf 91' lang='lat' dir='ltr'>In</span> <span class='ocrx_word' id='word_1_60' title='bbox 158 1385 278 1430; x_wconf 86' lang='lat' dir='ltr'>venere</span> <span class='ocrx_word' id='word_1_61' title='bbox 300 1384 432 1446; x_wconf 89' lang='lat' dir='ltr'>semper</span> <span class='ocrx_word' id='word_1_62' title='bbox 453 1365 557 1428; x_wconf 92' lang='lat' dir='ltr'>dulcis</span> <span class='ocrx_word' id='word_1_63' title='bbox 580 1374 631 1428; x_wconf 89' lang='lat' dir='ltr'>est</span> <span class='ocrx_word' id='word_1_64' title='bbox 653 1364 830 1429; x_wconf 89' lang='lat' dir='ltr'>dementia.</span> 
     </span>
     <span class='ocr_line' id='line_1_11' title="bbox 94 1468 748 1552; baseline 0.002 -19"><span class='ocrx_word' id='word_1_65' title='bbox 94 1471 136 1534; x_wconf 95' lang='lat' dir='ltr'>In</span> <span class='ocrx_word' id='word_1_66' title='bbox 160 1471 280 1533; x_wconf 92' lang='lat' dir='ltr'>misero</span> <span class='ocrx_word' id='word_1_67' title='bbox 303 1468 399 1532; x_wconf 80' lang='lat' dir='ltr'>facile</span> <span class='ocrx_word' id='word_1_68' title='bbox 421 1468 459 1533; x_wconf 90' lang='lat' dir='ltr'>fit</span> <span class='ocrx_word' id='word_1_69' title='bbox 481 1479 601 1552; x_wconf 92' lang='lat' dir='ltr'>potens</span> <span class='ocrx_word' id='word_1_70' title='bbox 624 1469 748 1534; x_wconf 76' lang='lat' dir='ltr'>Iniuria.</span> 
     </span>
     <span class='ocr_line' id='line_1_12' title="bbox 93 1572 900 1655; baseline -0.001 -15"><span class='ocrx_word' id='word_1_71' title='bbox 93 1574 270 1640; x_wconf 89' lang='lat' dir='ltr'>Interdum</span> <span class='ocrx_word' id='word_1_72' title='bbox 292 1573 394 1636; x_wconf 92' lang='lat' dir='ltr'>habet</span> <span class='ocrx_word' id='word_1_73' title='bbox 416 1572 576 1637; x_wconf 90' lang='lat' dir='ltr'>stultitiae</span> <span class='ocrx_word' id='word_1_74' title='bbox 599 1583 728 1655; x_wconf 90' lang='lat' dir='ltr'>partem</span> <span class='ocrx_word' id='word_1_75' title='bbox 751 1573 900 1650; x_wconf 85' lang='lat' dir='ltr'>facilitas.</span> 
     </span>
     <span class='ocr_line' id='line_1_13' title="bbox 93 1675 640 1743; baseline -0.004 0"><span class='ocrx_word' id='word_1_76' title='bbox 93 1679 221 1743; x_wconf 91' lang='lat' dir='ltr'>Inertia</span> <span class='ocrx_word' id='word_1_77' title='bbox 243 1685 294 1741; x_wconf 88' lang='lat' dir='ltr'>est</span> <span class='ocrx_word' id='word_1_78' title='bbox 316 1675 437 1740; x_wconf 90' lang='lat' dir='ltr'>laboris</span> <span class='ocrx_word' id='word_1_79' title='bbox 460 1679 640 1741; x_wconf 86' lang='lat' dir='ltr'>excusatio.</span> 
     </span>
    </p>

    <p class='ocr_par' dir='ltr' id='par_1_6' title="bbox 45 1781 771 1865">
     <span class='ocr_line' id='line_1_14' title="bbox 45 1781 771 1865; baseline -0.001 -18"><span class='ocrx_word' id='word_1_80' title='bbox 45 1789 78 1835; x_wconf 76' lang='lat'>⁶⁰</span> <span class='ocrx_word' id='word_1_81' title='bbox 93 1785 254 1847; x_wconf 90' lang='lat' dir='ltr'>Iniuriam</span> <span class='ocrx_word' id='word_1_82' title='bbox 278 1781 406 1846; x_wconf 90' lang='lat' dir='ltr'>facilius</span> <span class='ocrx_word' id='word_1_83' title='bbox 429 1781 530 1844; x_wconf 82' lang='lat' dir='ltr'>iacias</span> <span class='ocrx_word' id='word_1_84' title='bbox 553 1803 654 1865; x_wconf 91' lang='lat' dir='ltr'>quam</span> <span class='ocrx_word' id='word_1_85' title='bbox 678 1782 771 1846; x_wconf 80' lang='lat' dir='ltr'>feras</span> 
     </span>
    </p>

    <p class='ocr_par' dir='ltr' id='par_1_7' title="bbox 93 1885 891 2179">
     <span class='ocr_line' id='line_1_15' title="bbox 93 1885 803 1968; baseline -0.004 -17"><span class='ocrx_word' id='word_1_86' title='bbox 93 1888 204 1952; x_wconf 90' lang='lat' dir='ltr'>Iratus</span> <span class='ocrx_word' id='word_1_87' title='bbox 228 1885 274 1948; x_wconf 90' lang='lat' dir='ltr'>nil</span> <span class='ocrx_word' id='word_1_88' title='bbox 297 1906 364 1949; x_wconf 91' lang='lat' dir='ltr'>non</span> <span class='ocrx_word' id='word_1_89' title='bbox 387 1886 532 1949; x_wconf 89' lang='lat' dir='ltr'>criminis</span> <span class='ocrx_word' id='word_1_90' title='bbox 554 1885 700 1968; x_wconf 91' lang='lat' dir='ltr'>loquitur</span> <span class='ocrx_word' id='word_1_91' title='bbox 722 1885 803 1949; x_wconf 85' lang='lat' dir='ltr'>loen.</span> 
     </span>
     <span class='ocr_line' id='line_1_16' title="bbox 94 1990 891 2074; baseline 0.001 -20"><span class='ocrx_word' id='word_1_92' title='bbox 94 1993 245 2056; x_wconf 85' lang='lat' dir='ltr'>Incertus</span> <span class='ocrx_word' id='word_1_93' title='bbox 268 1991 399 2054; x_wconf 92' lang='lat' dir='ltr'>animus</span> <span class='ocrx_word' id='word_1_94' title='bbox 422 1990 603 2054; x_wconf 92' lang='lat' dir='ltr'>remedium</span> <span class='ocrx_word' id='word_1_95' title='bbox 626 2001 677 2055; x_wconf 93' lang='lat' dir='ltr'>est</span> <span class='ocrx_word' id='word_1_96' title='bbox 700 1991 891 2074; x_wconf 86' lang='lat' dir='ltr'>sapientiae.</span> 
     </span>
     <span class='ocr_line' id='line_1_17' title="bbox 93 2094 829 2179; baseline -0.004 -18"><span class='ocrx_word' id='word_1_97' title='bbox 93 2098 134 2161; x_wconf 92' lang='lat' dir='ltr'>In</span> <span class='ocrx_word' id='word_1_98' title='bbox 156 2096 246 2178; x_wconf 92' lang='lat' dir='ltr'>turpi</span> <span class='ocrx_word' id='word_1_99' title='bbox 270 2116 303 2158; x_wconf 95' lang='lat' dir='ltr'>re</span> <span class='ocrx_word' id='word_1_100' title='bbox 326 2115 462 2177; x_wconf 84' lang='lat' dir='ltr'>peccare</span> <span class='ocrx_word' id='word_1_101' title='bbox 484 2094 535 2158; x_wconf 89' lang='lat' dir='ltr'>bis</span> <span class='ocrx_word' id='word_1_102' title='bbox 557 2095 749 2179; x_wconf 85' lang='lat' dir='ltr'>delinquere</span> <span class='ocrx_word' id='word_1_103' title='bbox 771 2103 829 2159; x_wconf 90' lang='lat' dir='ltr'>est</span> 
     </span>
    </p>

    <p class='ocr_par' dir='ltr' id='par_1_8' title="bbox 94 2198 869 2284">
     <span class='ocr_line' id='line_1_18' title="bbox 94 2198 869 2284; baseline 0 -20"><span class='ocrx_word' id='word_1_104' title='bbox 94 2202 263 2284; x_wconf 87' lang='lat' dir='ltr'>Ingenuus</span> <span class='ocrx_word' id='word_1_105' title='bbox 285 2202 417 2265; x_wconf 90' lang='lat' dir='ltr'>animus</span> <span class='ocrx_word' id='word_1_106' title='bbox 440 2218 506 2261; x_wconf 91' lang='lat' dir='ltr'>non</span> <span class='ocrx_word' id='word_1_107' title='bbox 530 2198 591 2264; x_wconf 88' lang='lat' dir='ltr'>fert</span> <span class='ocrx_word' id='word_1_108' title='bbox 614 2202 704 2264; x_wconf 92' lang='lat' dir='ltr'>vocis</span> <span class='ocrx_word' id='word_1_109' title='bbox 726 2201 869 2265; x_wconf 90' lang='lat' dir='ltr'>verbera.</span> 
     </span>
    </p>

    <p class='ocr_par' dir='ltr' id='par_1_9' title="bbox 46 2302 1227 2588">
     <span class='ocr_line' id='line_1_19' title="bbox 46 2302 1227 2387; baseline 0 -18"><span class='ocrx_word' id='word_1_110' title='bbox 46 2318 79 2362; x_wconf 69' lang='grc' dir='ltr'><strong><em>ω</em></strong></span> <span class='ocrx_word' id='word_1_111' title='bbox 94 2306 253 2369; x_wconf 89' lang='lat' dir='ltr'>Iniuriam</span> <span class='ocrx_word' id='word_1_112' title='bbox 277 2307 348 2387; x_wconf 91' lang='lat' dir='ltr'>ipse</span> <span class='ocrx_word' id='word_1_113' title='bbox 371 2302 482 2379; x_wconf 85' lang='lat' dir='ltr'>facias,</span> <span class='ocrx_word' id='word_1_114' title='bbox 505 2303 561 2366; x_wconf 93' lang='lat' dir='ltr'>ubi</span> <span class='ocrx_word' id='word_1_115' title='bbox 584 2324 650 2368; x_wconf 88' lang='lat' dir='ltr'>non</span> <span class='ocrx_word' id='word_1_116' title='bbox 673 2305 829 2367; x_wconf 92' lang='lat' dir='ltr'>vindices.</span> <span class='ocrx_word' id='word_1_117' title='bbox 1099 2336 1146 2385; x_wconf 74' lang='lat'>3¹5</span> <span class='ocrx_word' id='word_1_118' title='bbox 1225 2371 1227 2375; x_wconf 65' lang='grc'>,</span> 
     </span>
     <span class='ocr_line' id='line_1_20' title="bbox 93 2404 1080 2483; baseline 0 -17"><span class='ocrx_word' id='word_1_119' title='bbox 93 2407 131 2468; x_wconf 93' lang='lat' dir='ltr'>Is</span> <span class='ocrx_word' id='word_1_120' title='bbox 153 2405 346 2467; x_wconf 91' lang='lat' dir='ltr'>minimum</span> <span class='ocrx_word' id='word_1_121' title='bbox 369 2415 450 2483; x_wconf 82' lang='lat' dir='ltr'>eget</span> <span class='ocrx_word' id='word_1_122' title='bbox 473 2405 648 2478; x_wconf 85' lang='lat' dir='ltr'>mortalis,</span> <span class='ocrx_word' id='word_1_123' title='bbox 672 2404 732 2483; x_wconf 90' lang='lat' dir='ltr'>qui</span> <span class='ocrx_word' id='word_1_124' title='bbox 754 2404 946 2465; x_wconf 90' lang='lat' dir='ltr'>minimum</span> <span class='ocrx_word' id='word_1_125' title='bbox 969 2404 1080 2482; x_wconf 91' lang='lat' dir='ltr'>cupit.</span> 
     </span>
     <span class='ocr_line' id='line_1_21' title="bbox 93 2507 965 2588; baseline -0.005 -16"><span class='ocrx_word' id='word_1_126' title='bbox 93 2510 224 2574; x_wconf 91' lang='lat' dir='ltr'>Inimici</span> <span class='ocrx_word' id='word_1_127' title='bbox 247 2508 291 2573; x_wconf 89' lang='lat' dir='ltr'>ad</span> <span class='ocrx_word' id='word_1_128' title='bbox 314 2510 462 2573; x_wconf 90' lang='lat' dir='ltr'>animum</span> <span class='ocrx_word' id='word_1_129' title='bbox 486 2508 597 2572; x_wconf 89' lang='lat' dir='ltr'>nullae</span> <span class='ocrx_word' id='word_1_130' title='bbox 619 2507 821 2571; x_wconf 91' lang='lat' dir='ltr'>conveniunt</span> <span class='ocrx_word' id='word_1_131' title='bbox 843 2526 965 2588; x_wconf 92' lang='lat' dir='ltr'>preces.</span> 
     </span>
    </p>

    <p class='ocr_par' dir='ltr' id='par_1_10' title="bbox 46 2611 1147 2909">
     <span class='ocr_line' id='line_1_22' title="bbox 94 2611 1000 2678; baseline -0.001 -2"><span class='ocrx_word' id='word_1_132' title='bbox 94 2615 235 2678; x_wconf 91' lang='lat' dir='ltr'>Inimico</span> <span class='ocrx_word' id='word_1_133' title='bbox 257 2615 426 2678; x_wconf 85' lang='lat' dir='ltr'>exstincto</span> <span class='ocrx_word' id='word_1_134' title='bbox 449 2634 516 2677; x_wconf 91' lang='lat' dir='ltr'>non</span> <span class='ocrx_word' id='word_1_135' title='bbox 538 2612 664 2676; x_wconf 90' lang='lat' dir='ltr'>habent</span> <span class='ocrx_word' id='word_1_136' title='bbox 686 2611 841 2675; x_wconf 91' lang='lat' dir='ltr'>lacrimae</span> <span class='ocrx_word' id='word_1_137' title='bbox 863 2612 1000 2675; x_wconf 88' lang='lat' dir='ltr'>exitum.</span> 
     </span>
     <span class='ocr_line' id='line_1_23' title="bbox 93 2717 899 2803; baseline -0.002 -21"><span class='ocrx_word' id='word_1_138' title='bbox 93 2720 145 2783; x_wconf 90' lang='lat' dir='ltr'>Ibi</span> <span class='ocrx_word' id='word_1_139' title='bbox 168 2740 300 2803; x_wconf 91' lang='lat' dir='ltr'>semper</span> <span class='ocrx_word' id='word_1_140' title='bbox 322 2730 373 2784; x_wconf 91' lang='lat' dir='ltr'>est</span> <span class='ocrx_word' id='word_1_141' title='bbox 395 2719 540 2795; x_wconf 90' lang='lat' dir='ltr'>victoria,</span> <span class='ocrx_word' id='word_1_142' title='bbox 563 2718 620 2781; x_wconf 96' lang='lat' dir='ltr'>ubi</span> <span class='ocrx_word' id='word_1_143' title='bbox 642 2717 819 2781; x_wconf 90' lang='lat' dir='ltr'>concordia</span> <span class='ocrx_word' id='word_1_144' title='bbox 842 2725 899 2780; x_wconf 89' lang='lat' dir='ltr'>est.</span> 
     </span>
     <span class='ocr_line' id='line_1_24' title="bbox 46 2823 1147 2909; baseline 0.004 -27"><span class='ocrx_word' id='word_1_145' title='bbox 46 2837 79 2882; x_wconf 81' lang='lat' dir='ltr'>co</span> <span class='ocrx_word' id='word_1_146' title='bbox 95 2823 163 2887; x_wconf 90' lang='lat' dir='ltr'>lter</span> <span class='ocrx_word' id='word_1_147' title='bbox 184 2834 235 2888; x_wconf 93' lang='lat' dir='ltr'>est</span> <span class='ocrx_word' id='word_1_148' title='bbox 258 2844 467 2909; x_wconf 90' lang='lat' dir='ltr'>quacumque</span> <span class='ocrx_word' id='word_1_149' title='bbox 490 2825 550 2887; x_wconf 91' lang='lat' dir='ltr'>dat</span> <span class='ocrx_word' id='word_1_150' title='bbox 572 2823 661 2906; x_wconf 89' lang='lat' dir='ltr'>prior</span> <span class='ocrx_word' id='word_1_151' title='bbox 681 2823 867 2904; x_wconf 87' lang='lat' dir='ltr'>vestigium.</span> <span class='ocrx_word' id='word_1_152' title='bbox 1098 2851 1147 2900; x_wconf 77' lang='lat'>320</span> 
     </span>
    </p>
   </div>
   <div class='ocr_carea' id='block_1_3' title="bbox 89 3017 1145 3408">
    <p class='ocr_par' dir='ltr' id='par_1_11' title="bbox 89 3017 1145 3408">
     <span class='ocr_line' id='line_1_25' title="bbox 91 3017 1141 3132; baseline -0.002 -62"><span class='ocrx_word' id='word_1_153' title='bbox 91 3023 133 3086; x_wconf 84' lang='lat' dir='ltr'>Sp.</span> <span class='ocrx_word' id='word_1_154' title='bbox 296 3026 348 3070; x_wconf 78' lang='lat'>88.</span> <span class='ocrx_word' id='word_1_155' title='bbox 383 3028 480 3070; x_wconf 84' lang='lat' dir='ltr'>certant</span> <span class='ocrx_word' id='word_1_156' title='bbox 491 3032 551 3069; x_wconf 77' lang='lat' dir='ltr'>uss.</span> <span class='ocrx_word' id='word_1_157' title='bbox 565 3017 663 3132; x_wconf 57' lang='lat' dir='ltr'>(excelpt</span> <span class='ocrx_word' id='word_1_158' title='bbox 674 3020 700 3067; x_wconf 72' lang='grc' dir='ltr'>Ψ</span> <span class='ocrx_word' id='word_1_159' title='bbox 711 3017 793 3066; x_wconf 88' lang='lat' dir='ltr'>which</span> <span class='ocrx_word' id='word_1_160' title='bbox 803 3018 849 3066; x_wconf 89' lang='lat' dir='ltr'>has</span> <span class='ocrx_word' id='word_1_161' title='bbox 860 3025 938 3068; x_wconf 83' lang='lat' dir='ltr'>certat</span> <span class='ocrx_word' id='word_1_162' title='bbox 955 3020 1005 3068; x_wconf 85' lang='lat' dir='ltr'>Wo.</span> <span class='ocrx_word' id='word_1_163' title='bbox 1019 3018 1086 3082; x_wconf 82' lang='lat' dir='ltr'>Mr.)</span> <span class='ocrx_word' id='word_1_164' title='bbox 1099 3019 1141 3068; x_wconf 85' lang='lat' dir='ltr'>Ri.</span> 
     </span>
     <span class='ocr_line' id='line_1_26' title="bbox 91 3083 1144 3164; baseline -0.004 -28"><span class='ocrx_word' id='word_1_165' title='bbox 91 3088 135 3151; x_wconf 84' lang='lat' dir='ltr'>Sp.</span> <span class='ocrx_word' id='word_1_166' title='bbox 146 3088 193 3164; x_wconf 56' lang='lat' dir='ltr'>Fr.</span> <span class='ocrx_word' id='word_1_167' title='bbox 286 3091 336 3136; x_wconf 75' lang='lat'>⁴1.</span> <span class='ocrx_word' id='word_1_168' title='bbox 372 3085 619 3162; x_wconf 79' lang='lat' dir='ltr'>quemfacttium</span> <span class='ocrx_word' id='word_1_169' title='bbox 640 3084 689 3133; x_wconf 90' lang='lat' dir='ltr'>acti</span> <span class='ocrx_word' id='word_1_170' title='bbox 703 3083 729 3131; x_wconf 91' lang='lat' dir='ltr'>H</span> <span class='ocrx_word' id='word_1_171' title='bbox 742 3098 823 3158; x_wconf 41' lang='lat' dir='ltr'>quem·</span> <span class='ocrx_word' id='word_1_172' title='bbox 830 3091 887 3146; x_wconf 84' lang='lat' dir='ltr'>post</span> <span class='ocrx_word' id='word_1_173' title='bbox 898 3083 957 3132; x_wconf 85' lang='lat' dir='ltr'>facti</span> <span class='ocrx_word' id='word_1_174' title='bbox 972 3085 1016 3132; x_wconf 84' lang='lat' dir='ltr'>Gr.</span> <span class='ocrx_word' id='word_1_175' title='bbox 1031 3084 1075 3132; x_wconf 86' lang='lat' dir='ltr'>Or.</span> <span class='ocrx_word' id='word_1_176' title='bbox 1093 3085 1144 3133; x_wconf 86' lang='lat' dir='ltr'>Wo.</span> 
     </span>
     <span class='ocr_line' id='line_1_27' title="bbox 90 3148 1145 3288; baseline -0.006 -20"><span class='ocrx_word' id='word_1_177' title='bbox 90 3150 737 3278; x_wconf 48' lang='lat' dir='ltr'>remilalaudatitiis..Mt*</span> <span class='ocrx_word' id='word_1_178' title='bbox 772 3148 1145 3288; x_wconf 46' lang='lat' dir='ltr'>willisind</span> 
     </span>
     <span class='ocr_line' id='line_1_28' title="bbox 89 3279 1143 3347; baseline -0.005 -16"><span class='ocrx_word' id='word_1_179' title='bbox 89 3284 143 3332; x_wconf 86' lang='lat' dir='ltr'>Mr.</span> <span class='ocrx_word' id='word_1_180' title='bbox 156 3284 199 3347; x_wconf 83' lang='lat' dir='ltr'>Sp.</span> <span class='ocrx_word' id='word_1_181' title='bbox 211 3283 258 3331; x_wconf 83' lang='lat' dir='ltr'>Fr.</span> <span class='ocrx_word' id='word_1_182' title='bbox 270 3282 321 3346; x_wconf 69' lang='lat' dir='ltr'>lig.</span> <span class='ocrx_word' id='word_1_183' title='bbox 357 3281 489 3330; x_wconf 89' lang='lat' dir='ltr'>dimidium</span> <span class='ocrx_word' id='word_1_184' title='bbox 500 3282 546 3329; x_wconf 85' lang='lat' dir='ltr'>Bo.</span> <span class='ocrx_word' id='word_1_185' title='bbox 564 3281 614 3330; x_wconf 87' lang='lat' dir='ltr'>Wo.</span> <span class='ocrx_word' id='word_1_186' title='bbox 716 3284 764 3328; x_wconf 72' lang='lat'>⁸0.</span> <span class='ocrx_word' id='word_1_187' title='bbox 800 3279 931 3327; x_wconf 79' lang='lat' dir='ltr'>minimum</span> <span class='ocrx_word' id='word_1_188' title='bbox 944 3280 964 3327; x_wconf 88' lang='lat' dir='ltr'>F</span> <span class='ocrx_word' id='word_1_189' title='bbox 977 3281 1030 3327; x_wconf 84' lang='lat' dir='ltr'>Mr.</span> <span class='ocrx_word' id='word_1_190' title='bbox 1043 3280 1086 3343; x_wconf 83' lang='lat' dir='ltr'>Sp.</span> <span class='ocrx_word' id='word_1_191' title='bbox 1098 3280 1143 3327; x_wconf 82' lang='lat' dir='ltr'>Fr.</span> 
     </span>
     <span class='ocr_line' id='line_1_29' title="bbox 89 3344 1143 3408; baseline -0.006 -10"><span class='ocrx_word' id='word_1_192' title='bbox 89 3348 195 3398; x_wconf 79' lang='lat' dir='ltr'>minImo</span> <span class='ocrx_word' id='word_1_193' title='bbox 207 3347 304 3397; x_wconf 90' lang='lat' dir='ltr'>Seneca</span> <span class='ocrx_word' id='word_1_194' title='bbox 318 3347 361 3396; x_wconf 75' lang='lat' dir='ltr'>Gr.</span> <span class='ocrx_word' id='word_1_195' title='bbox 380 3348 424 3396; x_wconf 77' lang='lat' dir='ltr'>Or.</span> <span class='ocrx_word' id='word_1_196' title='bbox 436 3348 482 3396; x_wconf 86' lang='lat' dir='ltr'>Bo.</span> <span class='ocrx_word' id='word_1_197' title='bbox 502 3346 553 3396; x_wconf 85' lang='lat' dir='ltr'>Wo.</span> <span class='ocrx_word' id='word_1_198' title='bbox 567 3346 611 3395; x_wconf 78' lang='lat' dir='ltr'>Ri.</span> <span class='ocrx_word' id='word_1_199' title='bbox 733 3350 784 3392; x_wconf 73' lang='lat'>⁸8.</span> <span class='ocrx_word' id='word_1_200' title='bbox 818 3344 920 3393; x_wconf 85' lang='lat' dir='ltr'>exitium</span> <span class='ocrx_word' id='word_1_201' title='bbox 932 3355 992 3393; x_wconf 83' lang='lat' dir='ltr'>Mss.</span> <span class='ocrx_word' id='word_1_202' title='bbox 1005 3345 1103 3408; x_wconf 87' lang='lat' dir='ltr'>(except</span> <span class='ocrx_word' id='word_1_203' title='bbox 1116 3345 1143 3392; x_wconf 96' lang='lat' dir='ltr'>H</span> 
     </span>
    </p>
   </div>
   <div class='ocr_carea' id='block_1_4' title="bbox 335 3613 901 3762">
    <p class='ocr_par' dir='ltr' id='par_1_12' title="bbox 335 3613 901 3762">
     <span class='ocr_line' id='line_1_30' title="bbox 335 3613 853 3670; baseline -0.002 -7"><span class='ocrx_word' id='word_1_204' title='bbox 335 3619 385 3663; x_wconf 66' lang='grc' dir='ltr'>οἱ.</span> <span class='ocrx_word' id='word_1_205' title='bbox 419 3613 457 3664; x_wconf 88' lang='lat' dir='ltr'>Cs.</span> <span class='ocrx_word' id='word_1_206' title='bbox 473 3613 569 3670; x_wconf 87' lang='lat' dir='ltr'>Cicero,</span> <span class='ocrx_word' id='word_1_207' title='bbox 581 3613 610 3662; x_wconf 80' lang='lat' dir='ltr'>de</span> <span class='ocrx_word' id='word_1_208' title='bbox 620 3621 674 3662; x_wconf 84' lang='lat' dir='ltr'>nat.</span> <span class='ocrx_word' id='word_1_209' title='bbox 685 3614 785 3663; x_wconf 77' lang='lat' dir='ltr'>deorum</span> <span class='ocrx_word' id='word_1_210' title='bbox 798 3625 817 3661; x_wconf 90' lang='lat'>1.</span> <span class='ocrx_word' id='word_1_211' title='bbox 832 3628 853 3662; x_wconf 91' lang='lat'>1.</span> 
     </span>
     <span class='ocr_line' id='line_1_31' title="bbox 336 3697 901 3762; baseline -0.002 -16"><span class='ocrx_word' id='word_1_212' title='bbox 336 3704 385 3748; x_wconf 71' lang='lat'>⁸0.</span> <span class='ocrx_word' id='word_1_213' title='bbox 422 3697 523 3761; x_wconf 88' lang='lat' dir='ltr'>Quoted</span> <span class='ocrx_word' id='word_1_214' title='bbox 534 3698 568 3762; x_wconf 86' lang='lat' dir='ltr'>by</span> <span class='ocrx_word' id='word_1_215' title='bbox 579 3697 683 3754; x_wconf 85' lang='lat' dir='ltr'>Seneca,</span> <span class='ocrx_word' id='word_1_216' title='bbox 695 3697 779 3761; x_wconf 82' lang='lat' dir='ltr'>Epist.</span> <span class='ocrx_word' id='word_1_217' title='bbox 794 3697 848 3746; x_wconf 86' lang='lat'>108.</span> <span class='ocrx_word' id='word_1_218' title='bbox 863 3711 901 3745; x_wconf 88' lang='lat'>11.</span> 
     </span>
    </p>
   </div>
   <div class='ocr_carea' id='block_1_5' title="bbox 973 3810 1056 3857">
    <p class='ocr_par' dir='ltr' id='par_1_13' title="bbox 973 3810 1056 3857">
     <span class='ocr_line' id='line_1_32' title="bbox 973 3810 1056 3857; baseline -0.012 0"><span class='ocrx_word' id='word_1_219' title='bbox 973 3810 1056 3857; x_wconf 89' lang='lat'>2-2</span> 
     </span>
    </p>
   </div>
   <div class='ocr_carea' id='block_1_6' title="bbox 0 0 1336 4334">
    <p class='ocr_par' dir='ltr' id='par_1_14' title="bbox 0 0 1336 4334">
     <span class='ocr_line' id='line_1_33' title="bbox 0 0 1336 4334; baseline 0 7"><span class='ocrx_word' id='word_1_220' title='bbox 0 0 1336 4334; x_wconf 95' lang='lat' dir='ltr'> </span> 
     </span>
    </p>
   </div>
  </div>
 </body>
</html>
