2664 4334
448 368 612 419 PUBLILII
636 369 719 420 SYRI
742 368 989 420 SENTENTIAE.

182 526 374 592 Consilium
397 526 431 588 in
455 525 601 589 adversis
624 527 796 608 prudentis
818 527 1000 590 remedium
1024 535 1083 592 est

183 630 275 696 Cum
298 630 408 694 amico
431 629 584 713 ignoscis,
607 631 710 713 gratis
733 629 843 714 plures
866 649 1048 711 comparas.

254 733 483 799 Contubemia
509 742 587 797 sunt
612 734 831 808 lacrimarum,
853 733 909 796 ubi
938 733 1122 798 misericors
1145 732 1241 796 mise-

319 857 392 900 rum
415 836 540 918 aspicit
1196 865 1242 913 140

131 941 171 1004 O
186 939 317 1005 Crebro
338 939 543 1022 ignoscendo
566 939 666 1003 facies
688 941 731 1004 de
753 940 856 1004 stulto
879 941 1077 1023 improbum.

133 1058 173 1104 ιο
186 1039 258 1102 Cui
279 1041 361 1118 plus
383 1038 469 1101 licet
491 1057 599 1117 quam
621 1057 687 1117 par
707 1047 775 1112 est,
798 1040 880 1118 plus
902 1041 981 1104 vult
1003 1058 1111 1118 quam
1134 1040 1230 1102 licet.

138 1240 383 1325 {Discipulus
406 1252 457 1306 est
479 1242 595 1324 prioris
617 1241 780 1326 posterior
802 1242 881 1307 dies.

185 1347 360 1410 Damnare
383 1355 435 1409 est
456 1346 640 1428 obiurgare,
664 1365 739 1408 curn
762 1346 890 1409 auxilio
912 1355 964 1409 est
986 1366 1079 1428 opus.

185 1448 257 1512 Diu
280 1448 510 1532 apparandum
533 1457 584 1512 est
606 1448 739 1525 bellum,
762 1458 799 1513 ut
821 1450 933 1513 vincas
956 1448 1101 1514 celerius
1195 1479 1240 1526 14⁵

254 1553 390 1616 Dixeris
416 1551 594 1616 maledicta
621 1561 750 1628 cuncta,
772 1572 847 1616 cum
875 1553 1042 1635 ingratum
1070 1553 1239 1617 hominem

318 1658 450 1721 dixeris

151 1762 242 1825 oDe
265 1761 399 1825 inimico
422 1781 488 1824 non
511 1760 656 1844 loquaris
679 1758 774 1836 male,
797 1761 855 1823 sed
878 1762 1012 1844 cogites.

185 1866 381 1932 Deliberare
403 1866 497 1930 utilia
521 1885 615 1929 mora
636 1864 802 1929 tutissima
824 1874 883 1929 est.

185 1969 294 2034 Dolor
315 1971 484 2044 decrescit,
507 1969 563 2034 ubi
586 1989 654 2052 quo
676 1979 802 2033 crescat
824 1989 891 2032 non
915 1969 1023 2033 habet.

184 2189 305 2254 quicquid
316 2189 381 2239 celat
392 2191 504 2265 superior
514 2190 558 2238 Fr.
665 2194 708 2237 ⁴2
743 2187 881 2239 Consilium
893 2188 919 2237 in
931 2188 1040 2239 adversis
1053 2190 1191 2240 medicinae
1202 2207 1238 2241 re·

183 2255 296 2304 medium
311 2254 441 2318 prudentis
455 2261 493 2303 est
505 2254 558 2303 MT
574 2254 605 2304 C.
622 2253 714 2303 medici
726 2254 862 2304 remedium
873 2270 910 2318 pr.
925 2263 962 2303 est
973 2256 1064 2318 Haupt
1075 2255 1104 2306 C.
1119 2255 1240 2307 indubiis

183 2321 240 2369 Mr.
264 2320 296 2370 C.
317 2319 345 2368 in
367 2319 476 2368 adversis
504 2319 554 2368 Wo.
580 2320 624 2368 Ri.
647 2319 678 2370 C.
701 2320 809 2383 prudens
831 2319 940 2369 adversis
967 2327 1004 2368 est
1032 2321 1169 2370 remedium
1192 2323 1238 2370 Fr.

183 2391 236 2435 48.
271 2400 329 2435 cum
345 2383 448 2434 inimico
462 2385 570 2448 ignoscis
586 2385 639 2433 MT
653 2385 747 2435 amicos
761 2383 838 2448 gratis
852 2383 993 2461 complures
1009 2386 1120 2450 adquiris
1136 2388 1164 2436 M
1181 2403 1239 2436 cum

183 2449 409 2515 inimicoignoscis
424 2450 518 2499 amicos
531 2450 608 2514 gratis
623 2465 753 2514 comparas
764 2450 856 2525 Haupt
870 2450 899 2500 C.
912 2465 929 2499 1.
943 2450 960 2498 i.
973 2465 996 2498 a.
1008 2458 1091 2514 gratos
1103 2467 1124 2500 c.
1144 2453 1194 2502 Wo.
1207 2452 1236 2502 C.

183 2515 292 2581 ignoscis
299 2515 343 2564 uui
354 2521 438 2579 gratos
448 2515 588 2580 complures
598 2515 659 2565 sacis
667 2516 719 2565 Bu.
727 2515 771 2564 Ri.
782 2514 811 2564 C.
822 2514 925 2564 mimico
936 2515 1044 2579 ignoscis
1054 2517 1120 2566 ultro
1130 2516 1238 2567 amicum

182 2596 314 2646 comparas
331 2582 374 2644 Sp.
394 2580 459 2630 Cum
479 2580 586 2644 ignoscis
606 2581 707 2630 inimico
726 2581 821 2629 amicos
842 2582 918 2645 gratis
937 2581 1077 2645 complures
1094 2597 1166 2646 paras
1183 2584 1237 2631 Mr.

184 2647 249 2697 Cum
259 2646 342 2695 amico
353 2645 461 2710 ignoscis
478 2646 522 2694 uni
538 2646 622 2710 plures
636 2661 765 2723 compares
780 2646 826 2694 Fr.
862 2645 927 2695 Cum
942 2646 1024 2695 amico
1039 2647 1147 2711 ignoscis
1161 2648 1239 2712 gratis

183 2711 266 2776 plures
277 2711 428 2775 comparas?
534 2716 588 2758 44.
621 2711 760 2761 misericors
771 2710 894 2775 conspicit
904 2710 1022 2760 miserum
1034 2712 1087 2760 MT
1098 2713 1238 2762 misericors

121 2820 124 2824 .
183 2777 301 2826 miserum
319 2775 427 2841 adspicit
444 2775 534 2840 Haupt
549 2777 604 2824 Mr.
622 2784 717 2840 spectat
736 2776 852 2825 miserum
871 2776 1011 2825 misericors
1028 2778 1073 2827 Fr.
1109 2778 1130 2826 0
1150 2778 1195 2826 has
1213 2795 1234 2827 1.

183 2856 277 2956 Ξῆἷι.
289 2856 331 2904 45.
431 2847 481 2889 4ο.
515 2840 590 2891 facies
601 2841 625 2892 O
637 2843 692 2890 Mr.
704 2841 780 2891 facias
791 2842 846 2890 Mr.
858 2842 903 2889 Fr.
1008 2847 1059 2890 ⁴0.
1078 2842 1192 2892 Omitted
1203 2845 1237 2907 by

229 2917 385 3036 tzessgrgh)
403 2971 449 3021 has
467 2972 560 3029 1-r6;
580 2972 602 3021 C
619 2973 664 3021 has
681 2988 702 3022 1.
714 2987 739 3038 9.
751 2984 774 3032 5.
805 2987 847 3020 .r.
861 2987 884 3020 r.
896 2970 919 3021 6.
938 2985 974 3022 ιο.
990 2984 1013 3035 7.
1029 2987 1138 3036 11—143
1157 2973 1174 3023 S
1191 2973 1237 3022 has

185 3037 279 3094 1-16;
302 3039 321 3085 Ζ
338 3037 384 3086 has
403 3053 423 3086 1.
442 3053 465 3100 3.
485 3051 523 3087 1ο.
541 3053 564 3101 5.
585 3053 622 3101 ¹3·
640 3052 662 3113 9.
684 2987 804 3100 7.14.6³.
838 3038 864 3084 Ψ
879 3036 954 3097 [from
974 3037 1005 3098 Σ]
1023 3036 1062 3100 (F)
1081 3038 1126 3087 has
1149 3038 1235 3088 1—16.

182 3108 211 3152 4.
242 3103 285 3152 alii
297 3103 489 3167 cumingratum
500 3102 610 3151 hominis
621 3101 766 3152 drxerisalii
777 3109 867 3150 cuncta
878 3101 920 3149 alii
932 3102 1059 3151 hominem
1071 3103 1116 3153 Pb.
1147 3112 1237 3153 cuncta

182 3168 322 3218 Bomitted
332 3167 516 3231 byPaRAFS.
543 3167 608 3216 dixis
620 3168 686 3217 mala
696 3176 786 3217 cuncta
797 3167 840 3230 Sp.
869 3166 960 3215 dixeris
972 3167 1098 3216 maledicti
1110 3169 1236 3218 cumulum

181 3248 239 3283 cnm
250 3232 341 3297 ingrati
352 3232 461 3282 hominis
471 3230 563 3281 dixeris
574 3233 619 3281 Fr.
745 3237 771 3280 ο.
808 3247 860 3280 non
872 3231 939 3280 LEC
952 3233 994 3294 Sp.
1007 3234 1060 3280 Mr.
1075 3248 1107 3281 ne
1118 3234 1167 3280 Er.
1184 3235 1235 3283 Wo.

182 3299 291 3363 loquaris
309 3299 378 3346 BAF
401 3298 455 3346 Wo.
473 3299 514 3361 Sp.
534 3298 588 3346 Mr.
606 3297 720 3362 loquares
737 3298 757 3345 P
774 3297 882 3361 loqueris
900 3297 924 3344 R
943 3295 1044 3360 loquere
1065 3297 1111 3348 HS
1131 3298 1233 3362 loquare

183 3366 238 3413 Mr.
250 3363 303 3413 noli
313 3362 411 3428 loquier
420 3363 466 3411 Fr.
573 3368 601 3411 7.
635 3362 703 3427 quod
714 3361 809 3411 PRBA
820 3362 863 3425 Sp.
875 3376 926 3425 quo
939 3361 1052 3410 HFCSZ
1064 3370 1111 3411 etc.
1126 3363 1169 3412 Gr.
1188 3365 1232 3413 Or.

230 3620 282 3664 4ο.
316 3613 418 3676 Quoted
434 3614 468 3678 by
479 3612 576 3663 Gellius
594 3627 630 3676 17.
648 3628 677 3674 14
692 3611 743 3661 and
760 3609 911 3668 Macrobius,
928 3610 983 3657 Sat.
996 3623 1018 3658 1.
1036 3623 1061 3672 7;
1079 3608 1186 3658 omitted
1201 3610 1236 3674 by

183 3697 308 3778 Publilia-n
320 3707 380 3746 uss.
