2664 4334
219 358 259 407 22
474 360 639 412 PUBLILII
661 364 744 415 SYRI
767 365 1014 419 SENTENTIAE.

218 519 312 583 Malo
334 519 367 584 in
390 522 529 586 consilio
551 523 694 588 feminae
715 525 852 589 vincunt
873 526 968 591 viros.

218 622 311 688 Mala
332 635 383 690 est
405 625 560 691 voluntas
581 628 625 692 ad
648 628 791 693 alienum
814 650 1010 697 assuescere.

284 730 438 795 Maximo
460 733 584 815 periclo
605 734 799 811 custoditur,
821 736 910 817 quod
935 735 1048 801 multis
1071 737 1189 821 placet.
1225 751 1275 817 360

217 834 310 899 Mala
332 845 384 900 est
405 838 579 915 medicina,
602 838 659 902 ubi
682 837 806 922 aliquid
831 849 969 904 naturae
991 842 1084 925 perit

173 939 330 1004 mMalae
352 951 491 1006 naturae
513 963 696 1025 numquam
719 943 857 1008 doctore
879 944 1038 1029 indigent.

217 1046 366 1110 Misereri
388 1049 472 1111 scire
494 1049 565 1112 sine
588 1048 711 1130 periclo
733 1058 784 1113 est
805 1050 923 1117 vivere.

216 1150 308 1215 Male
329 1152 454 1228 vivunt,
477 1154 534 1236 qui
556 1173 592 1216 se
614 1172 746 1235 semper
767 1153 912 1217 victuros
934 1165 1062 1239 putant.

216 1255 434 1322 Maledictum
459 1257 709 1340 interpretando
732 1256 834 1320 facias
856 1259 971 1323 acrius.
1224 1275 1270 1340 365

216 1360 308 1425 Male
330 1381 443 1426 secum
465 1362 536 1445 agit
558 1380 665 1443 aeger,
687 1360 854 1426 medicum
877 1364 933 1444 qui
957 1363 1112 1428 heredem
1136 1364 1224 1429 facit.

172 1481 203 1527 as
216 1464 329 1529 Minus
351 1465 524 1548 decipitur,
545 1464 598 1529 cui
621 1474 763 1546 negatur
783 1463 939 1532 celeriter.

217 1569 328 1633 Mutat
350 1589 386 1633 se
408 1568 541 1632 bonitas
563 1568 690 1632 irritata
712 1568 839 1632 iniuria

217 1671 338 1736 Mulier
358 1692 434 1736 cum
457 1671 530 1735 sola
551 1671 686 1754 cogitat,
710 1672 797 1736 male
819 1673 954 1756 cogitat.

217 1776 308 1839 Male
323 1775 430 1840 facere
445 1776 502 1859 qui
517 1775 598 1853 vult,
615 1795 798 1859 numquam
816 1796 882 1839 non
897 1797 1033 1841 causam
1050 1778 1186 1842 invenit.
1221 1806 1271 1857 370

216 1878 402 1943 Malevolus
424 1899 555 1962 semper
576 1899 637 1943 sua
658 1889 778 1944 natura
799 1881 950 1944 vescitur.

171 2003 203 2048 ao
216 1984 343 2050 Multos
365 1985 482 2049 timere
504 1983 613 2062 debet,
635 2004 734 2067 quem
757 1984 853 2048 multi
876 1985 1005 2049 timent.

216 2089 307 2154 Male
328 2081 525 2172 imperando
547 2108 715 2152 summum
738 2089 913 2173 imperium
936 2091 1109 2158 amittitur.

214 2195 344 2271 Mulier,
367 2214 452 2278 quae
475 2194 589 2257 multis
612 2193 715 2269 nubit,
739 2193 853 2259 multis
876 2214 942 2258 non
966 2195 1085 2279 placet.

165 2299 402 2369 umalevolus
424 2300 555 2362 animus
577 2297 711 2362 abditos
733 2297 852 2362 dentes
874 2299 983 2365 habet.
1220 2330 1267 2382 375

217 2446 261 2495 Gr.
276 2446 378 2495 Or.Bo.
396 2447 447 2494 Wo.
461 2445 504 2494 Ri.
518 2445 564 2493 Fr.
665 2450 712 2493 tn.
746 2443 861 2494 voluntas
873 2456 932 2493 uss.
944 2445 999 2494 Mr.
1011 2446 1056 2494 Fr.
1089 2445 1205 2511 voluptas
1217 2448 1266 2497 Er.

216 2512 260 2561 Gr.
285 2512 329 2560 Or.
351 2511 397 2560 Bo.
425 2511 475 2560 Wo.
495 2510 541 2559 Ri.
560 2510 604 2574 Sp.
637 2508 671 2559 ad
689 2509 799 2559 alienum
818 2524 978 2559 consuescere
998 2523 1056 2560 uss.
1079 2512 1123 2561 Gr.
1144 2512 1187 2562 Or.
1212 2513 1264 2563 Wo.

213 2576 301 2626 alienis
312 2576 457 2626 adsuescere
465 2576 514 2625 Er.
543 2575 575 2624 ad
586 2575 696 2624 alienum
707 2575 852 2625 adsuescere
862 2576 909 2624 Bo.
917 2575 962 2624 Ri.
990 2575 1143 2627 adalienurn
1154 2593 1268 2628 suescere

213 2642 293 2691 Halm
305 2642 349 2706 Sp.
382 2641 491 2691 alienum
503 2641 632 2690 resciscere
643 2641 688 2690 Fr.
768 2646 816 2689 18.
850 2639 961 2705 periculo
972 2651 1029 2691 mss
1045 2640 1138 2706 periclo
1152 2643 1197 2692 Gr.
1215 2644 1267 2692 Wo.

213 2707 323 2772 Sp.Mr.
356 2707 424 2756 malo
438 2707 485 2755 Fr.
518 2705 656 2756 custoditur
671 2717 730 2755 mss.
748 2705 793 2755 Gr.
811 2706 861 2755 Wo.
875 2706 984 2770 Sp.Mr.
1018 2707 1126 2756 custodit
1141 2723 1206 2757 unus
1220 2709 1266 2757 Fr.

215 2777 262 2823 10.
298 2771 364 2821 mala
379 2779 416 2821 est
431 2771 555 2822 medicina
570 2783 629 2820 mss.
647 2772 691 2821 Gr.
715 2771 765 2820 Wo-
781 2771 891 2835 Sp.Mr.
924 2770 1018 2821 malum
1033 2779 1071 2822 est
1085 2773 1223 2822 remedium
1236 2774 1266 2822 F.

214 2843 265 2886 2⁴.
300 2837 365 2887 male
379 2852 464 2887 secum
479 2838 531 2902 agit
546 2852 620 2901 aeger
635 2836 769 2886 medicum·
778 2847 837 2886 MSS.
849 2837 899 2885 Er.
915 2836 958 2885 Gr.
975 2838 1018 2887 Be.
1036 2837 1080 2887 Or.
1091 2837 1138 2887 Bo.
1156 2839 1206 2888 Wo.
1219 2838 1265 2888 Ri.

212 2905 267 2952 Mr.
301 2903 367 2953 male
381 2918 466 2953 secum
480 2903 532 2967 agit
547 2902 671 2951 medicum
686 2916 759 2966 aeger
775 2902 818 2967 Sp.
852 2901 918 2950 male
931 2901 984 2966 agit
998 2917 1082 2952 secum
1099 2918 1173 2968 aeger
1187 2904 1266 2953 medi·

212 2984 269 3019 cum
281 2969 326 3017 Fr.
410 2972 459 3017 20.
493 2983 550 3018 cum
561 2968 676 3017 inritatur
686 2967 732 3017 PR
743 2982 801 3016 cum
812 2966 921 3016 irritatur
932 2967 984 3017 FC.
1017 2967 1267 3032 cumirrogaturus.

212 3034 299 3084 oan.
335 3049 391 3083 cum
406 3033 487 3084 irrites
497 3034 546 3083 Er.
579 3034 675 3083 irritata
689 3033 730 3082 Ps.
752 3033 797 3082 Gr.
811 3033 855 3082 Or.
870 3033 917 3082 Bo.
935 3032 985 3082 Wo.
1003 3032 1047 3081 Ri.
1063 3033 1106 3098 Sp.
1118 3033 1172 3083 Mr.
1208 3049 1266 3084 cum

212 3100 294 3149 inruat
305 3114 332 3150 se
343 3100 388 3149 Fr.
402 3099 455 3163 Hg.
576 3103 626 3146 20.
660 3113 705 3148 sua
715 3104 803 3147 natura
814 3097 920 3147 vescitur
931 3097 968 3146 Pa
980 3097 1026 3147 RF
1037 3099 1087 3147 Er.
1101 3099 1146 3148 Gr.
1157 3099 1202 3149 Be.
1220 3098 1265 3149 Or.

212 3166 259 3214 Bo.
281 3164 331 3215 Wo.
349 3164 392 3213 Ri.
408 3164 451 3229 Sp.
469 3165 523 3213 Mr.
557 3171 646 3214 natura
660 3179 706 3214 sua
719 3163 827 3213 vescitur
840 3162 861 3211 Z
875 3163 1000 3213 nascitura
1014 3163 1054 3212 Pb
1068 3164 1172 3213 vestitur
1187 3164 1266 3215 Csua

213 3246 309 3280 venena
319 3229 427 3296 pascitur
439 3230 484 3278 Fr.
517 3229 544 3277 Ψ
555 3229 630 3291 [from
641 3229 677 3291 Π]
689 3228 731 3295 (F)
743 3228 789 3278 has
801 3228 896 3292 33-68
906 3246 914 3289 ;
925 3228 952 3276 Ψ
963 3228 1031 3278 Bart.
1043 3227 1107 3279 have
1119 3243 1158 3305 34.
1172 3243 1211 3293 35.
1224 3242 1266 3293 37.

212 3313 252 3361 43·
275 3307 315 3359 45·
336 3309 376 3358 47·
397 3297 437 3359 48·
459 3308 498 3359 50·
520 3307 558 3360 55·
580 3306 619 3359 54·
641 3305 744 3358 57-55
767 3292 873 3355 62-65·
890 3292 913 3344 ⁶·
936 3307 958 3357 7·
980 3293 1266 3359 (Bart.0m1tting50).

263 3466 312 3509 18.
346 3458 385 3510 Cf.
409 3458 579 3521 Hieronymus
598 3457 655 3507 adv.
676 3456 759 3507 Iovin.
783 3469 802 3506 1.
823 3455 866 3506 fin.
889 3456 1016 3507 “difficile
1035 3459 1174 3509 custoditur
1196 3461 1266 3526 quod

211 3546 295 3610 plures
306 3541 417 3593 amant.”

219 3636 221 3641 '
260 3630 313 3675 22.
346 3624 387 3676 Cf.
399 3626 503 3681 Seneca,
514 3624 596 3688 Epist.
611 3635 650 3683 23.
668 3636 705 3673 10.

261 3714 314 3758 80.
348 3708 388 3759 cf.
401 3707 522 3758 Laberius
535 3706 672 3756 “Necesse
682 3713 720 3756 est
732 3706 824 3755 multos
834 3707 931 3764 timeat,
942 3722 1017 3771 quem
1028 3707 1101 3758 multi
1112 3708 1228 3761 timent.''
