2664 4334
191 355 233 420 30
445 354 608 406 PUBLILII
632 356 714 407 SYRI
738 358 986 410 SENTENTIAE.

190 510 303 576 Perdit
325 533 391 576 non
415 513 519 577 donat
542 515 598 597 qui
621 515 688 590 dat,
711 516 774 580 nisi
797 517 840 581 sit
864 517 1033 581 memoria.

189 614 296 679 Probe
318 615 440 681 delicta
462 638 538 681 cum
562 618 728 702 neglegas,
750 619 840 702 leges
863 630 959 685 teras

144 728 176 774 ao
190 720 280 782 Pars
302 719 455 782 benefici
477 729 545 794 est,
569 723 666 799 quod
687 722 822 800 petitur
843 722 875 784 si
896 723 990 784 belle
1013 741 1137 801 neges.

189 821 369 903 Properate
392 822 425 885 in
448 822 628 886 iudicando
650 832 701 886 est
723 824 846 887 crimen
870 843 1036 905 quaerere.

188 924 305 1008 Populi
328 935 379 989 est
402 927 613 1009 mancipium,
638 928 786 1010 quisquis
809 929 936 1010 patriae
958 937 1009 991 est
1032 928 1130 992 utilis.
1195 959 1246 1006 510

187 1028 249 1094 Per
271 1051 357 1113 quae
378 1031 423 1094 sis
445 1039 545 1105 tutus,
568 1030 624 1094 illa
646 1052 777 1114 semper
798 1031 932 1114 cogites.

187 1134 362 1217 Perfugere
384 1133 427 1198 ad
451 1133 648 1212 inferiorem,
670 1156 705 1199 se
728 1136 838 1219 ipsum
861 1144 912 1198 est
934 1135 1073 1199 tradere.

142 1253 173 1297 au
187 1240 364 1303 Peccatum
387 1238 485 1302 amici
508 1237 599 1301 velut
622 1247 717 1302 tuum
740 1250 829 1304 recte
852 1248 956 1322 putes.

187 1345 309 1409 Potens
332 1344 515 1408 misericors
537 1343 671 1425 publica
694 1354 745 1407 est
768 1343 915 1407 felicitas

187 1449 345 1513 Praesens
368 1457 418 1511 est
441 1467 580 1529 semper,
603 1448 722 1511 absens
745 1450 802 1530 qui
825 1469 861 1511 se
883 1446 1059 1510 ulciscitur.
1193 1474 1239 1524 ⁵15

186 1551 345 1616 Perfacile
367 1551 448 1615 felix
471 1553 561 1635 quod
584 1562 663 1616 vota
685 1552 858 1634 imperant,
880 1551 967 1614 facit.
1242 1560 1245 1564 ’

186 1658 332 1721 Poenam
356 1664 503 1719 moratur
526 1657 705 1739 improbus,
728 1676 795 1719 non
818 1655 984 1738 praeterit.

140 1780 171 1824 ao
249 1761 435 1825 Perdidisse
450 1761 493 1825 ad
509 1781 616 1824 assem
633 1760 775 1835 mallem,
789 1782 890 1844 quam
906 1760 1077 1843 accepisse*
1087 1761 1236 1843 turpiter.

185 1866 370 1930 Paucorum
393 1875 444 1929 est
466 1864 667 1946 intellegere,
690 1866 770 1947 quid
794 1867 897 1929 donet
920 1865 1010 1929 deus.

183 2021 295 2070 dolorem
324 2022 350 2070 ui
361 2029 447 2071 enecat
458 2021 530 2069 dolor
540 2021 586 2068 Fr.
620 2019 663 2084 qui
674 2020 745 2084 pellit
756 2021 828 2070 dolor
839 2021 890 2085 Hg.
1021 2026 1070 2069 10.
1103 2021 1147 2085 qui
1159 2022 1236 2072 datF

183 2086 228 2134 Re'.
243 2088 286 2150 Sp.
335 2103 358 2134 r.
370 2088 416 2135 Fr.
432 2086 475 2151 qui
491 2085 569 2134 donat
589 2086 631 2134 Gr.
654 2086 697 2134 Or.
715 2085 756 2134 cui
772 2086 850 2135 donat
872 2087 924 2136 Wo.
957 2085 1005 2135 nisi
1022 2095 1059 2135 est
1076 2086 1235 2136 memoriaF

182 2150 229 2200 nisi
241 2152 273 2200 sit
283 2151 404 2201 memoria
420 2151 463 2201 Ri.
475 2152 518 2214 Sp.
531 2152 584 2200 Mr.
597 2149 644 2199 nisi
660 2158 697 2200 est
712 2166 807 2200 memor
825 2153 868 2201 Gr.
884 2152 928 2201 Or.
946 2151 997 2200 Wo.
1030 2152 1100 2200 nulla
1114 2155 1235 2202 memoria

181 2217 227 2265 Fr.
261 2216 308 2266 nisi
328 2217 360 2266 sit
382 2216 422 2266 cui
444 2218 523 2266 donas
545 2231 639 2265 memor
661 2216 707 2264 Bo.
727 2216 775 2265 nisi
797 2217 837 2266 cui
855 2217 935 2266 donas
957 2223 994 2266 est
1016 2231 1113 2266 memor
1134 2218 1233 2267 Nauck.

184 2286 231 2329 1⁹.
264 2282 343 2346 probe
365 2282 387 2330 F
408 2282 481 2347 probi
502 2282 606 2344 Ingolst.
625 2281 703 2330 editor
723 2282 767 2330 Gr.
791 2282 835 2331 Or.
865 2281 916 2330 We.
939 2281 982 2331 Ri.
1008 2282 1052 2345 Sp.
1073 2283 1164 2346 probes
1186 2284 1233 2332 Fr.

181 2363 238 2396 cum
257 2346 326 2411 legas
344 2348 441 2397 deteras
461 2348 482 2396 F
501 2347 576 2397 iudex
594 2345 679 2410 legens
698 2345 787 2396 deterit
809 2347 853 2396 Gr.
873 2347 917 2396 Or.
937 2346 1012 2395 iudex
1031 2346 1119 2410 lugens
1139 2348 1234 2413 detegit

184 2412 254 2477 Casp.
272 2413 349 2462 Orelli
363 2428 420 2462 cum
435 2412 551 2477 neglegas
562 2413 629 2475 leges
641 2419 705 2460 teras
722 2412 773 2460 Wo.
807 2412 899 2461 delicto
914 2411 1045 2476 ignoscens
1056 2412 1124 2477 leges
1136 2413 1234 2463 deteras

186 2478 237 2526 Wo.
259 2478 369 2527 iudicum
391 2477 458 2542 leges
480 2485 563 2527 terunt
584 2478 627 2525 Ri.
647 2477 781 2541 neglegens
802 2476 869 2542 leges
892 2486 956 2526 teras
979 2477 1023 2525 Ri.
1055 2478 1154 2527 deteras
1175 2494 1233 2528 cum

181 2544 296 2607 neclegas
312 2543 447 2592 Buecheler
466 2559 523 2593 cum
540 2550 617 2606 tegas,
637 2541 705 2606 leges
724 2550 789 2592 teras
809 2544 850 2607 Sp.
870 2558 928 2592 cum
944 2543 976 2591 de
992 2542 1047 2606 lege
1063 2543 1168 2607 deroges
1187 2544 1233 2593 Fr.

181 2609 258 2673 probe
273 2608 365 2658 delicta
379 2624 436 2658 cum
451 2608 576 2672 neglegas,
592 2606 660 2671 leges
675 2609 757 2656 teras?
773 2607 899 2672 (catching
914 2623 930 2656 u
964 2606 1006 2656 the
1019 2607 1098 2671 probe
1113 2608 1177 2657 from
1189 2609 1234 2660 the

179 2673 314 2738 preceding
324 2673 375 2723 line
386 2673 415 2722 of
423 2674 466 2723 the
477 2674 612 2736 dialogue).
720 2677 770 2722 2⁸.
804 2674 901 2739 quaeF
948 2688 969 2720 o.
982 2674 1024 2736 Sp.
1037 2675 1090 2722 Mr.
1104 2674 1174 2737 quod
1186 2675 1231 2723 Fr.

182 2744 230 2787 2⁶.
263 2738 331 2788 velut
354 2740 415 2802 Ρπψ
434 2740 477 2789 Gr.
500 2739 544 2787 Or.
561 2739 604 2801 Sp.
621 2738 699 2787 veluti
717 2738 820 2801 Jngolst.
837 2739 917 2788 editor
943 2738 994 2787 Wo.
1013 2738 1057 2786 Ri.
1075 2739 1130 2787 Mr.
1164 2747 1232 2790 recte

179 2805 312 2854 velandum
324 2806 369 2854 Bo.
403 2804 469 2854 idem
481 2819 511 2853 ac
522 2811 592 2852 tuum
604 2803 736 2853 Buecheler
746 2818 792 2868 pro
803 2811 847 2853 tuo
858 2805 904 2852 Fr.
1002 2807 1052 2852 2¹².
1086 2804 1129 2868 qui
1141 2805 1232 2861 absens

179 2870 304 2920 ulciscitur
321 2870 343 2918 F
360 2886 385 2935 q.
401 2886 423 2919 a.
442 2870 517 2919 etiam
534 2885 557 2918 u.
579 2869 622 2917 Gr.
641 2869 685 2918 Or.
701 2869 746 2917 Bo.
763 2884 786 2916 a.
802 2885 827 2934 q.
845 2885 871 2918 se
887 2885 912 2918 u.
936 2868 987 2916 We.
1002 2869 1045 2916 Ri.
1061 2883 1087 2933 q.
1104 2885 1127 2918 a.
1145 2869 1232 2920 ulcisci

178 2943 261 3000 potest
272 2937 314 2999 Sp.
329 2952 355 3000 q.
367 2951 424 2985 cum
436 2936 506 2984 abest
517 2933 641 2983 ulciscitur
651 2935 696 2982 Fr.
705 2950 731 2984 se
742 2934 785 2998 qui
796 2937 885 2983 absens
896 2933 1039 2982 ulciscitur?
1087 2938 1138 2982 20.
1161 2936 1232 2999 quod

178 3009 238 3051 vota
254 3002 377 3066 imperant
394 3001 416 3049 F
438 3001 488 3050 Wo.
506 3001 549 3064 Sp.
566 3000 620 3075 Μν.
640 3000 707 3063 quod
725 2998 776 3074 fata
794 3000 918 3064 imperant
937 2999 1038 3075 Irgelst.
1055 2999 1139 3047 editor.
1157 3015 1181 3063 q.
1203 3017 1227 3050 v.

178 3068 381 3197 ral‘bqut
399 3067 534 3181 iiiiii.
546 3064 1184 3194 itl.l.2{¹¹l..¹ll{l²tf⁹3.d·fritilli.
1203 3075 1230 3194 l?

178 3197 237 3248 felix
253 3214 279 3263 q.
292 3215 314 3246 v.
329 3198 346 3246 f.
370 3198 420 3246 Wo.
434 3214 459 3262 p.
473 3213 498 3262 q.
513 3212 538 3245 v.
554 3196 571 3244 i.
587 3196 646 3245 felix
663 3195 721 3244 facit
738 3196 780 3259 Sp.
798 3197 851 3245 Mr.
872 3211 897 3259 p.
914 3195 932 3242 f.
950 3195 1075 3258 imperans
1091 3195 1159 3259 quod
1177 3197 1230 3247 vult

178 3263 194 3313 f.
214 3265 260 3312 Fr.
278 3280 303 3328 p.
321 3263 338 3311 f.
356 3262 499 3327 impetrabit
517 3278 581 3326 quae
597 3261 657 3310 velit
675 3261 727 3324 Hg.
745 3277 771 3325 p.
789 3260 806 3309 f.
824 3261 940 3324 impetrat
957 3260 1078 3324 quidquid
1095 3260 1155 3310 velit
1174 3262 1228 3326 Hg.

178 3334 231 3378 ⁸0.
265 3329 401 3393 perdidisse
421 3328 521 3376 mallem
541 3328 635 3388 Ρακπψ
654 3342 680 3390 p.
700 3325 804 3375 honeste
824 3325 924 3374 mallem
950 3326 999 3374 Wo.
1020 3326 1062 3373 Ri.
1080 3325 1134 3373 Mr.
1153 3342 1178 3390 p.
1196 3328 1230 3377 ad

177 3410 258 3444 assem
274 3410 308 3442 m.
326 3396 372 3443 Fr.
390 3410 415 3458 p.
433 3401 521 3443 cuncta
537 3408 571 3440 m.
583 3393 635 3456 Hg.
669 3392 781 3455 accipere
798 3392 835 3439 Fr
851 3398 916 3455 turp.
932 3406 984 3440 acc.
997 3407 1013 3438 a
1029 3391 1153 3454 accepisse
1176 3393 1229 3441 Wo.

176 3461 220 3509 Ri.
232 3461 287 3509 Mr.
298 3461 344 3508 Fr.
519 3463 567 3506 ³1.
601 3459 644 3506 det
656 3458 677 3505 F
689 3457 751 3506 celet
762 3457 806 3505 Ri.
818 3456 886 3505 dicat
897 3455 1031 3505 Buecheler
1040 3456 1111 3505 decet
1122 3457 1228 3522 Ingolst.

173 3571 325 3580 -n—

290 3631 342 3673 20.
377 3623 479 3686 Quoted
490 3623 524 3685 by
535 3620 632 3672 Gellius
646 3634 683 3684 17.
699 3637 728 3683 14
739 3622 790 3670 and
802 3620 957 3681 MacrobiuS,
970 3622 1024 3669 Sat.
1038 3634 1060 3669 a.
1075 3633 1095 3684 7.

290 3716 341 3760 80.
377 3708 417 3759 cf.
431 3707 537 3764 Hesiod‚
552 3707 596 3770 Op.
610 3717 664 3769 352.
