2664 4334
456 411 756 463 INTRODUCTION.
1087 420 1133 461 xv

171 572 207 630 In
225 569 291 649 ipsa
310 589 430 649 quoque
450 569 569 631 actione
588 569 716 630 subinde
735 589 776 644 se,
791 589 851 648 qua
871 581 997 648 poterat,
1012 570 1134 631 ulcisce-
1160 572 1163 578 ’

78 668 165 728 batur
184 667 308 728 inducto
329 667 433 728 habitu
455 666 526 745 Syri,
542 666 593 744 qui
613 668 694 727 velut
716 667 812 744 flagris
833 687 936 728 caesus
958 667 1133 745 praeripien-

77 765 159 842 tique
174 765 277 826 similis
292 764 495 826 exclamabat:

273 873 383 931 ‘Porro
404 869 552 946 Quirites!
581 869 748 930 libertatem
769 868 968 948 perdimus-'

77 997 108 1046 et
128 987 219 1063 paulo
240 997 310 1063 post
330 985 457 1046 adiecit:

191 1094 341 1153 ‘Necesse
361 1104 406 1152 est
427 1093 537 1152 multos
558 1090 662 1152 timeat
683 1109 773 1167 quem
795 1089 879 1150 multi
900 1089 1025 1152 timent'

78 1207 150 1284 Quo
163 1205 245 1267 dicto
258 1206 434 1268 universitas
448 1207 551 1285 populi
566 1208 605 1267 ad
619 1207 716 1267 solum
733 1208 891 1267 Caesarem
907 1207 1011 1267 oculos
1030 1218 1060 1268 et
1082 1227 1134 1268 ora

77 1303 231 1378 convertit,
248 1316 387 1365 notantes
401 1303 609 1382 impotentiam
623 1304 687 1365 eius
706 1305 763 1364 hac
782 1303 941 1365 dicacitate
960 1304 1131 1382 lapidatam.

79 1405 130 1466 Ob
154 1404 229 1465 haec
253 1403 284 1463 in
310 1404 468 1465 Publilium
492 1403 577 1464 vertit
601 1405 740 1463 favorem.
785 1405 816 1463 Is
842 1403 987 1464 Publilius
1012 1403 1134 1464 natione

77 1505 168 1580 Syrus
182 1522 250 1562 cum
264 1523 337 1580 puer
351 1504 390 1564 ad
404 1514 562 1581 patronum
575 1499 690 1562 domini
704 1511 782 1560 esset
799 1502 955 1574 adductus,
972 1501 1135 1579 promeruit

79 1620 150 1660 eum
172 1620 235 1660 non
256 1600 354 1661 minus
375 1601 486 1663 salibus
508 1613 537 1662 et
558 1600 678 1679 ingenio
699 1620 789 1677 quam
810 1601 913 1661 forma.
958 1603 1038 1661 Nam
1059 1604 1136 1663 sorte

77 1718 148 1760 cum
169 1701 219 1758 ille
240 1718 356 1759 servum
378 1719 465 1759 suum
486 1697 683 1776 hydropicum
705 1697 851 1758 iacentem
873 1697 904 1757 in
923 1718 992 1759 area
1012 1698 1135 1759 vidisset

78 1797 331 1874 increpuissetque
354 1797 427 1874 quid
449 1797 479 1856 in
503 1798 566 1857 sole
590 1798 698 1856 faceret
722 1795 883 1873 respondit,
909 1802 1035 1874 ‘aquam
1061 1798 1136 1858 cale-

78 1894 168 1954 facit!
210 1894 338 1954 loculari
353 1894 463 1955 deinde
478 1913 567 1971 super
581 1913 656 1954 cena
670 1905 771 1954 exorta
785 1892 960 1967 quaestione
979 1896 1134 1972 quodnam

80 2005 158 2053 esset
173 1995 332 2054 molestum
348 1992 441 2052 otium
455 1991 536 2052 aliud
551 1992 610 2052 alio
626 1991 769 2069 opinante
784 1991 833 2052 ille
849 1992 1014 2070 ‘podagrici
1028 1994 1135 2071 pedes'

81 2090 164 2152 dixit.
207 2093 256 2152 Ob
273 2092 348 2150 haec
369 2102 400 2151 et
420 2090 479 2150 alia
499 2091 699 2151 manumissus
720 2102 749 2151 et
770 2091 882 2150 maiore
903 2110 973 2150 cura
993 2091 1134 2164 eruditus,

80 2210 150 2251 curn
165 2193 273 2251 mimos
288 2201 483 2267 componeret
502 2188 675 2267 ingentique
697 2209 820 2250 assensu
839 2188 869 2247 in
890 2189 996 2248 Italiae
1015 2188 1134 2267 oppidis

80 2309 168 2368 agere
186 2289 344 2367 coepisset,
360 2291 524 2367 productus
545 2291 662 2349 Romae
680 2307 735 2365 per
756 2286 891 2349 Caesaris
912 2288 1010 2361 ludos,
1030 2305 1136 2347 omnes

80 2388 133 2466 qui
147 2401 219 2449 tunc
233 2389 342 2466 scripta
356 2400 386 2448 et
400 2407 505 2466 operas
519 2406 587 2447 suas
601 2386 632 2446 in
646 2406 768 2447 scenam
782 2388 951 2447 locaverant
962 2383 1134 2463 provocavit

81 2498 114 2547 ut
149 2486 256 2565 singuli
285 2506 386 2547 secum
421 2487 521 2565 posita
554 2486 585 2545 in
619 2485 716 2546 vicem
751 2484 874 2545 materia
908 2504 963 2562 pro
998 2496 1135 2560 tempore

79 2587 298 2646 contenderent
308 2609 317 2660 3
341 2605 397 2646 nec
416 2586 477 2646 ullo
496 2595 653 2646 recusante
672 2581 820 2661 superavit
840 2602 954 2654 omnes,
970 2581 1000 2641 in
1021 2580 1086 2658 quis
1105 2592 1136 2642 et

82 2683 250 2745 Laberium.
293 2685 384 2746 Unde
400 2685 510 2746 Caesar
523 2683 657 2744 arridens
672 2685 730 2743 hoc
745 2684 836 2744 modo
851 2681 1072 2760 pronuntiavit:

212 2801 361 2861 ‘Favente
382 2799 435 2860 tibi
456 2819 505 2860 me
525 2800 622 2859 victus
643 2818 683 2872 es,
707 2799 822 2870 Laberi,
844 2818 862 2857 a
882 2799 1004 2876 Syro-'

80 2912 241 2990 statimque
266 2913 394 2975 Publilio
417 2916 547 2991 palmam
569 2923 598 2974 et
622 2913 748 2974 Laberio
772 2913 894 2972 anulum
919 2932 1041 2972 aureum
1063 2931 1132 2972 cum

82 3010 252 3090 quingentis
279 3012 419 3072 sestertiis
443 3011 535 3072 dedit.
578 3013 665 3071 Tunc
687 3008 831 3070 Publilius
851 3011 891 3071 ad
913 3009 1071 3070 Laberium
1094 3029 1136 3070 re·

81 3108 240 3169 cedentem
261 3108 320 3168 ait:

136 3215 285 3291 ‘Quicum
307 3214 488 3276 contendisti
510 3215 642 3292 scriptor,
665 3215 746 3274 hunc
768 3226 919 3291 spectator
939 3215 1080 3276 subleva!

82 3328 202 3389 Publilii
222 3341 321 3390 autem
345 3329 510 3390 sententiae
535 3331 668 3390 feruntur
690 3329 809 3407 lepidae
832 3341 861 3390 et
885 3331 924 3390 ad
945 3350 1135 3391 communem

82 3448 168 3488 usum
183 3428 521 3500 accommodatissime,
538 3448 573 3489 ex
588 3428 695 3507 quibus
715 3429 768 3488 has
790 3429 850 3489 fere
871 3428 993 3489 memini
1013 3429 1135 3506 singulis

82 3523 217 3585 versibus
232 3524 484 3603 circumscriptas:

166 3630 366 3691 ‘Beneficium
387 3633 489 3692 dando
510 3632 636 3709 accepit,
659 3631 710 3710 qui
732 3633 823 3710 digno
846 3632 947 3694 dedit.'

167 3729 273 3788 ‘Feras
294 3748 356 3790 non
377 3732 489 3807 culpes,
512 3731 594 3807 quod
615 3729 722 3791 mutari
744 3749 806 3791 non
827 3732 944 3808 potest'
959 3742 1016 3792 etc.
1031 3732 1105 3792 ete.''
