2664 4334
435 351 599 402 PUBLILII
622 353 706 405 SYRI
730 356 975 411 SENTENTIAE.

177 511 326 574 Perenne
348 511 540 593 coniugium
563 515 702 590 animus,
725 536 791 580 non
815 538 934 602 corpus
957 519 1044 584 iacit.

177 614 342 678 Pereundi
365 615 449 678 scire
471 624 604 698 tempus
627 618 759 683 assidue
782 629 832 684 est
855 623 946 686 mori.

177 718 310 781 Potenti
334 719 429 782 irasci
452 719 514 782 sibi
536 721 695 801 periclum
718 732 769 786 est
791 744 957 805 quaerere.

133 824 318 888 aoPeccare
341 825 438 906 pauci
461 824 588 902 nolunt,
611 825 693 890 nulli
716 829 876 893 nesciunt.

177 927 364 990 Paucorum
387 927 583 1010 improbitas
606 930 758 995 universa
780 941 831 995 est
853 931 1036 998 calamitas.

177 1032 240 1096 Pro
262 1033 409 1096 dominis
431 1053 568 1116 peccare
590 1035 690 1098 etiarn
713 1036 844 1098 virtutis
867 1036 940 1101 loco
964 1048 1022 1102 est.

177 1135 341 1200 Patiendo
364 1135 470 1199 multa
491 1138 638 1214 veniunt,
660 1158 747 1220 quae
769 1160 916 1222 nequeas
939 1143 1018 1223 pati.

177 1241 316 1305 Paratae
339 1241 494 1305 lacrimae
516 1241 662 1318 insidias,
684 1263 751 1305 non
775 1242 891 1308 fletum
915 1245 1071 1311 indicant.

133 1363 163 1408 to
177 1345 356 1409 Peccatum
379 1354 549 1420 extenuat,
572 1346 628 1427 qui
651 1345 799 1410 celeriter
821 1349 963 1430 corrigit.

119 1515 121 1519 ,
177 1449 343 1513 Pudorem
365 1448 488 1512 habere
509 1450 650 1513 servitus
672 1450 923 1531 quodammodo
946 1462 1003 1516 est.

177 1555 293 1619 Potest
316 1556 364 1618 uti
387 1555 534 1619 adversis
557 1575 740 1637 numquam
763 1555 911 1620 felicitas.

178 1662 354 1725 Prudentis
376 1662 489 1725 vultus
511 1661 613 1724 etiam
636 1661 797 1724 sermonis
820 1661 894 1724 loco
917 1672 975 1726 est.
1046 1712 1048 1717 ,

177 1767 286 1830 Probo
308 1765 507 1830 beneficium
529 1765 586 1846 qui
609 1765 677 1841 dat,
701 1785 745 1828 ex
769 1774 863 1847 parte
886 1767 1014 1850 accipit.

132 1870 290 1934 stPudor
311 1872 339 1934 si
362 1890 462 1952 quem
485 1889 552 1933 non
576 1867 688 1944 flectit,
710 1889 778 1932 non
801 1868 924 1951 frangit
946 1873 1053 1935 timor.

177 1976 291 2039 Poena
317 1974 486 2051 allevatur,
508 1973 565 2038 ubi
588 1973 758 2037 relaxatur
780 1973 882 2037 dolor.

177 2078 292 2142 Plures
315 2079 399 2160 tegit
423 2079 579 2154 Fortuna,
602 2097 703 2159 quam
727 2086 818 2140 tutos
841 2076 926 2141 facit.
1012 2142 1015 2149 ,

177 2181 257 2246 Post
280 2182 508 2245 calamitatem
533 2181 693 2245 memoria
716 2180 781 2243 alia
804 2190 854 2244 est
877 2181 1057 2246 calamitas.

177 2285 287 2349 Probo
309 2285 399 2348 bona
421 2284 511 2347 fama
534 2285 684 2347 maxima
706 2294 757 2348 est
779 2284 954 2349 hereditas.

175 2431 255 2480 editor
270 2431 311 2480 cui
328 2431 371 2480 det
385 2432 429 2480 Gr.
444 2431 487 2480 Or.
502 2431 577 2479 cudat
591 2432 637 2479 Bo.
650 2431 733 2479 sardet
748 2432 794 2479 Fr.
828 2431 919 2480 doceat
934 2432 987 2481 dies
1005 2432 1033 2481 C.
1045 2433 1138 2482 Melser
1154 2435 1230 2485 donet

175 2497 230 2546 dies
247 2497 299 2545 Wo.
311 2497 354 2559 Sp.
423 2501 474 2544 ³0.
507 2496 626 2545 universis
638 2502 675 2544 est
691 2496 712 2544 F
723 2495 843 2544 universis
854 2496 957 2560 Ingolst.
969 2497 1045 2546 editor
1057 2499 1101 2546 Gr.
1116 2500 1160 2549 Or.
1178 2501 1230 2551 Wo.

175 2562 293 2612 univorsa
321 2569 359 2610 est
381 2561 423 2627 Sp.
448 2562 492 2609 Fr.
537 2560 671 2609 multorum
699 2568 735 2609 est
762 2565 782 2624 ψ
803 2569 840 2611 est
863 2561 998 2611 multorum
1020 2564 1154 2613 Buecheler
1175 2568 1229 2614 Mr.

177 2633 229 2676 00.
263 2626 380 2679 multaF
402 2627 573 2691 Wo.Sp.Mr.
586 2626 665 2675 inulta
680 2627 723 2675 Fr.
759 2626 861 2675 veniunt
876 2627 898 2675 F
915 2628 965 2676 Wo.
979 2629 1025 2676 Fr.
1037 2630 1230 2679 venientaMr.

175 2691 294 2742 eveniunt
306 2693 349 2741 Ri.
361 2693 404 2755 Sp.
463 2718 465 2722 .
546 2695 597 2738 42.
632 2698 714 2754 potest
725 2690 932 2756 ultustatiens
943 2693 986 2740 Ps.
1001 2694 1045 2742 Gr.
1060 2695 1103 2743 Or.
1118 2697 1231 2758 potentia

175 2759 278 2821 Ingrlsl.
300 2758 382 2833 editor
400 2756 464 2820 perit
483 2755 563 2805 omnis
585 2757 695 2831 Machly.
704 2763 764 2832 pote
789 2757 840 2805 Wo.
858 2757 978 2832 patientia
997 2758 1042 2807 Ri.
1075 2760 1102 2808 in
1122 2761 1232 2810 adversis

176 2821 1230 2955 lwttfltltttlltqltttt{lllltttltflt‘ltltlttttutt

176 2961 259 3018 potest
270 2953 356 3002 ulcisci
367 2951 476 3001 adversis
486 2967 552 3000 nunc
564 2950 686 3000 felicitas?
794 2957 843 3002 ⁴⁸.
880 2953 961 3016 pudor
972 2969 1047 3018 quem
1057 2970 1108 3003 non
1120 2955 1231 3006 flectitF

176 3020 259 3083 pudor
275 3033 350 3083 quem
366 3016 443 3066 flectit
465 3032 516 3065 non
532 3016 609 3065 flectit
626 3032 677 3065 non
693 3015 784 3080 frangit
802 3020 822 3078 ψ
843 3034 868 3082 p.
886 3033 1059 3083 quemcunque
1080 3036 1132 3068 non
1153 3022 1232 3071 flectit

176 3084 274 3148 frangat
296 3083 372 3132 timor
396 3083 440 3130 Gr.
458 3098 484 3146 p.
501 3097 576 3146 quem
593 3081 675 3130 nullus
692 3081 769 3131 flectit
785 3083 887 3144 Machly
903 3099 929 3146 p.
946 3099 971 3147 q.
990 3099 1041 3132 non
1061 3085 1165 3135 reflectit
1181 3089 1227 3138 Bo.

176 3149 272 3214 pudore
288 3164 364 3212 quem
379 3163 431 3196 non
448 3147 526 3197 flectis
549 3148 598 3196 Wo.
619 3147 700 3211 pudor
718 3148 814 3211 siquem
834 3163 885 3196 non
903 3147 981 3197 flectit
1006 3150 1056 3198 Wo.
1077 3151 1131 3198 Mr.
1149 3153 1231 3216 pudor

176 3230 327 3279 quemquem
355 3229 380 3261 n.
403 3213 421 3261 f.
449 3228 506 3262 curn
532 3212 630 3275 frangat
657 3212 731 3262 timor
764 3214 816 3262 Wo.
844 3229 870 3276 p.
893 3229 968 3278 quem
995 3216 1107 3263 nondum
1134 3216 1151 3265 t'.
1183 3220 1229 3266 Fr.

176 3285 228 3328 40.
262 3280 359 3329 levatur
374 3279 396 3326 F
406 3279 452 3326 Fr.
468 3279 589 3327 allevatur
606 3278 650 3325 Gr.
665 3278 708 3326 Or.
721 3278 765 3326 Bo.
786 3279 836 3327 Wo.
848 3277 893 3326 Ri.
906 3280 948 3342 Sp.
965 3280 1019 3327 Mr.
1032 3280 1075 3328 ubi
1091 3281 1113 3328 F
1130 3282 1174 3330 Gr.
1187 3290 1229 3332 etc.

176 3345 213 3393 ira
230 3346 275 3394 Fr.
293 3345 391 3392 laxatur
406 3344 427 3392 F
442 3344 487 3391 Fr.
504 3343 628 3392 relaxatur
644 3343 724 3392 Halm
746 3344 797 3391 Wo.
814 3345 858 3392 Ri.
875 3345 916 3407 Sp.
936 3345 990 3392 Mr.
1003 3352 1061 3393 tunc
1076 3346 1119 3394 ubi
1134 3347 1232 3397 laxatur

179 3412 224 3460 Gr.
239 3411 283 3459 Or.
295 3410 341 3458 Bo.
459 3414 511 3456 ⁴¹7.
545 3423 621 3472 quam
632 3416 698 3457 tutos
709 3407 783 3457 iaciat
795 3409 816 3456 F
827 3425 852 3473 q.
865 3418 882 3458 t.
897 3409 955 3457 iacit
967 3410 1070 3472 Ingolst.
1082 3412 1161 3460 editor
1177 3414 1229 3462 Wo.

175 3478 219 3540 Sp.
231 3476 286 3524 Mr.
320 3474 380 3538 legit
391 3474 438 3523 Bo.
451 3473 477 3521 in
489 3481 544 3522 tuto
555 3473 621 3522 locat
632 3474 675 3521 Fr.
720 3484 723 3491 ·
767 3478 819 3521 4⁰.
853 3475 1070 3538 probevproFc
1087 3477 1138 3524 Wo.
1150 3480 1231 3541 probo

178 3542 221 3590 Gr.
245 3541 287 3589 Or.
306 3541 352 3589 Bo.
371 3540 417 3588 Ri.
433 3540 476 3602 Sp.
491 3540 545 3587 Mr.
561 3538 638 3601 patris
654 3538 743 3586 Nauck
756 3538 829 3602 probi
843 3539 940 3588 natales
954 3541 1000 3589 Fr.
1036 3543 1054 3588 Ζ
1071 3541 1113 3605 (Τ)
1129 3542 1175 3592 has
1191 3560 1230 3607 52.

435 3709 486 3751 ⁴⁸.
520 3701 560 3752 Ci.
572 3702 711 3761 Terentius,
725 3702 830 3766 Adelph.
840 3713 860 3779 J.
879 3719 900 3752 1.
914 3717 952 3764 32.
