2664 4334
173 332 213 412 38
430 340 594 393 rusum
618 340 701 392 sum
725 336 975 405 scurnum.

173 500 278 566 Suum
301 501 451 583 sequitur
473 499 586 563 lumen
609 517 742 580 semper
764 497 964 560 innocentia.
1186 506 1238 571 650

172 603 321 670 Stultum
345 614 397 669 est
419 604 533 668 ulcisci
556 602 642 667 velle
664 602 767 665 alium
791 622 901 685 poena
924 621 992 665 sua.

127 726 159 771 at
173 707 245 774 Sibi
267 711 412 792 primum
435 708 599 772 auxilium
623 708 750 790 eripere
772 716 824 771 est
847 707 937 790 leges
961 705 1085 771 tollere.

172 810 250 877 Suis
271 814 329 895 qui
353 814 459 877 nescit
481 832 625 896 parcere,
648 813 791 876 inimicis
814 812 915 879 favet.

238 915 319 982 Sine
339 917 454 982 dolore
474 926 526 981 est
546 916 675 994 vulnuS,
690 919 781 1000 quod
798 917 972 982 serendum
996 925 1048 980 est
1068 937 1146 980 cum
1168 917 1236 980 vic-

300 1023 394 1088 toria

172 1125 314 1209 Semper
336 1126 519 1190 metuendo
541 1127 675 1209 sapiens
697 1125 802 1189 evitat
824 1125 959 1189 malum.
1188 1134 1237 1200 65⁵

172 1227 321 1294 Stultum
344 1239 397 1294 est
418 1230 512 1312 queri
534 1229 577 1293 de
600 1229 757 1305 adversis,
779 1228 836 1292 ubi
859 1228 959 1311 culpa
982 1236 1033 1292 est
1056 1235 1124 1291 tua.

128 1352 160 1397 at
173 1332 268 1399 Solet
289 1334 381 1410 hora,
402 1334 494 1416 quod
518 1333 614 1397 multi
637 1334 716 1397 anni
739 1333 958 1410 abstulerunt,
982 1333 1129 1396 reddere.

173 1436 280 1520 Spina
301 1438 404 1501 etiam
427 1447 523 1519 grata
545 1446 605 1514 est,
627 1458 672 1500 ex
695 1457 763 1518 qua
785 1445 957 1519 spectatur
979 1456 1063 1500 rosa.

173 1540 322 1607 Stultum
345 1550 396 1606 est
418 1542 563 1605 vicinum
586 1540 671 1605 velle
693 1541 807 1605 ulcisci
830 1542 992 1605 incendio.

174 1643 323 1710 Stultum
346 1644 426 1709 lacit
449 1645 607 1722 Fortuna,
629 1664 731 1726 quem
753 1645 826 1708 vult
849 1644 995 1726 perdere.
1187 1656 1237 1708 660

174 1747 261 1832 Spes
283 1749 427 1832 inopem,
449 1768 501 1811 res
524 1769 672 1825 avarum,
695 1768 784 1812 mors
808 1749 965 1811 miserum
989 1747 1087 1810 levat.

129 1874 161 1920 aa
175 1852 220 1919 Se
242 1854 383 1917 damnat
406 1853 519 1930 iudex,
542 1853 756 1917 innocentem
779 1853 836 1935 qui
859 1853 1028 1936 opprimit.

174 1957 247 2023 Sibi
270 1959 344 2041 ipsa
366 1957 565 2040 improbitas
587 1959 678 2040 cogit
700 1957 770 2021 fieri
794 1958 957 2022 iniuriam.

175 2061 265 2127 Satis
287 2072 338 2126 est
360 2061 487 2139 beatus,
509 2061 566 2143 qui
590 2070 703 2144 potest
725 2082 801 2125 cum
825 2061 898 2126 vult
920 2061 1014 2125 mori.

175 2164 270 2231 Solet
292 2166 386 2249 sequi
410 2165 491 2242 laus,
513 2185 590 2229 cum
611 2167 701 2230 viam
724 2166 803 2231 lecit
825 2165 926 2230 labor.
1190 2179 1238 2243 665

175 2269 294 2335 Socius
316 2269 354 2334 fit
376 2268 503 2352 culpae,
525 2270 583 2352 qui
606 2279 783 2334 nocentem
806 2270 966 2334 sublevat

130 2399 162 2446 sa
176 2374 331 2458 Suspicio
352 2372 416 2436 sibi
438 2373 512 2454 ipsa
535 2373 654 2437 rivales
677 2374 772 2457 parit

176 2478 317 2562 Semper
338 2476 567 2554 metuendum,
589 2478 748 2562 quicquid
771 2479 867 2543 irasci
890 2488 1010 2570 potest.

176 2582 306 2650 Seditio
328 2582 451 2647 civium
473 2581 621 2646 hostium
645 2593 696 2647 est
719 2585 860 2649 occasio,

1190 2701 1240 2765 670

176 2829 267 2897 ipsed.
278 2844 305 2895 q.
317 2844 341 2879 a.
352 2829 465 2895 poenitet
476 2829 531 2877 Mr.
565 2845 586 2878 s.
598 2829 664 2879 d.su
684 2845 729 2895 .q.
742 2829 792 2880 iam
804 2845 827 2879 a.
840 2829 952 2895 poenitet
964 2830 1010 2878 Fr.
1079 2835 1129 2878 1⁸.
1164 2846 1237 2880 suum

176 2895 286 2963 sequitur
301 2893 387 2945 lumen
401 2909 500 2959 semper
514 2893 657 2944 innocentia
712 2896 757 2945 Gr.
775 2895 819 2945 Or.
843 2896 894 2945 Wo.
910 2897 953 3009 Sp.
971 2895 1026 2946 Mr.
1062 2911 1083 2944 s.
1095 2910 1130 2945 se.
1143 2911 1238 2946 numen

176 2976 238 3013 sem.
250 2960 267 3011 i.
278 2960 323 3010 Rs.
356 2974 424 3010 sse.
436 2959 454 3009 1.
466 2973 528 3009 sem.
540 2959 710 3011 innocentiam
721 2959 768 3010 Bo.
802 2976 822 3009 s.
838 2976 917 3025 usque
944 2960 1078 3036 .sequitur
1094 2960 1239 3011 innocentia

176 3027 222 3077 Fr,
324 3029 372 3073 ta.
405 3024 508 3075 stultum
523 3033 560 3075 est
576 3025 653 3076 elium
670 3026 691 3075 F
709 3025 754 3075 Gr.
772 3025 817 3075 Or.
841 3027 892 3075 Wo.
925 3025 1012 3076 ulciscr
1027 3025 1091 3076 velle
1108 3025 1138 3074 F.
1173 3026 1238 3077 velle

176 3090 262 3143 ulcisci
277 3089 526 3155 lwst.d⁸'tnr6r.
541 3090 659 3168 Or.·Wo.
692 3106 713 3140 s.
728 3106 860 3141 e.v.u.a
876 3092 993 3156 p.s.Bo.
1006 3091 1125 3167 RiMr..
1143 3106 1199 3141 se.
1212 3108 1237 3141 u.

176 3171 292 3275 lifol.
305 3155 499 3285 almis?
518 3154 745 3286 wilini?
760 3171 829 3270 ἴθ’
846 3172 866 3206 ⁵·
885 3157 985 3271 Ἧι.
1002 3157 1238 3286 'itnpffiirl

177 3298 214 3339 est
229 3301 287 3339 sum
298 3285 441 3337 victoria?
461 3285 512 3335 Wo.
528 3286 572 3336 Rs.
587 3286 632 3351 Sp.
648 3287 703 3335 Mr.
756 3285 796 3334 .f.
812 3301 870 3335 cum
885 3286 1013 3336 victoriast
1028 3287 1070 3336 Ri.
1104 3302 1130 3351 q.
1146 3286 1165 3335 f.
1181 3302 1239 3336 cum

178 3351 281 3403 notoria
294 3352 339 3403 Gr.
353 3346 398 3402 or'.
433 3348 539 3416 ntor
555 3351 645 3401 vulnus
660 3367 719 3401 ov.
756 3367 778 3400 o.
812 3351 881 3416 quod
897 3351 946 3401 fers
961 3351 1065 3402 crudum
1080 3366 1137 3401 cum
1152 3367 1176 3401 v.
1191 3352 1237 3401 Fr.

179 3423 230 3469 8⁸.
263 3417 327 3468 solet
342 3415 368 3466 lt.
402 3431 458 3465 ,m
475 3415 535 3466 mni
551 3416 705 3468 abstulerunt
723 3416 826 3466 reddere
844 3416 866 3465 F
884 3416 928 3466 Or.
947 3417 993 3466 Bo.
1009 3417 1052 3467 Ri.
1065 3417 1121 3465 Mr.
1154 3417 1238 3466 abstu-

178 3485 250 3537 lerint
265 3483 311 3534 Gr.
323 3482 367 3533 or.
418 3481 495 3532 ,Wo.
508 3482 549 3531 n’t.
583 3481 736 3532 abstulerant
747 3482 790 3546 Sp.
890 3487 941 3530 u.
975 3481 1019 3546 qui
1030 3488 1161 3530 nocentem
1172 3482 1240 3532 levat

180 3549 210 3601 F.
243 3563 306 3633 ‘1¹¹⁸
319 3545 687 3611 iumtmlandndiuvatn).
721 3562 745 3611 q.
760 3562 785 3597 n.
799 3546 959 3597 sublevatln
988 3547 1026 3595 lst.
1041 3546 1120 3596 editor
1133 3547 1178 3596 Gr.
1193 3548 1238 3596 Or.

179 3615 225 3667 Bo
238 3612 338 3677 MS),
350 3611 508 3663 Numero.
541 3611 654 3678 quisquis
664 3627 690 3661 n.
704 3611 771 3662 levat
788 3612 839 3662 Wo.
869 3612 948 3677 quin.
971 3611 1049 3660 'beret
1060 3612 1106 3660 Fr.
1140 3620 1239 3661 sontem

179 3676 493 3747 quinonsupprimltllc.
574 3681 625 3727 00.
658 3676 831 3742 s-m-q.i.p.
845 3676 866 3725 F
881 3677 925 3727 Gr.
940 3675 983 3726 Or.
996 3676 1042 3725 Bo.
1060 3676 1168 3725 WnRi.
1181 3679 1236 3729 Mr.
