<?xml version="1.0" encoding="UTF-8"?>
<!DOCTYPE html PUBLIC "-//W3C//DTD XHTML 1.0 Transitional//EN"
    "http://www.w3.org/TR/xhtml1/DTD/xhtml1-transitional.dtd">
<html xmlns="http://www.w3.org/1999/xhtml" xml:lang="en" lang="en">
 <head>
  <title>
</title>
<meta http-equiv="Content-Type" content="text/html;charset=utf-8" />
  <meta name='ocr-system' content='tesseract 3.04.00' />
  <meta name='ocr-capabilities' content='ocr_page ocr_carea ocr_par ocr_line ocrx_word'/>
</head>
<body>
  <div class='ocr_page' id='page_1' title='image "./publiliisyrisen00blicgoog/publiliisyrisen00blicgoog_0093.png"; bbox 0 0 2664 4334; ppageno 0'>
   <div class='ocr_carea' id='block_1_1' title="bbox 182 367 982 432">
    <p class='ocr_par' dir='ltr' id='par_1_1' title="bbox 182 367 982 432">
     <span class='ocr_line' id='line_1_1' title="bbox 182 367 982 432; baseline 0.008 -17"><span class='ocrx_word' id='word_1_1' title='bbox 182 367 226 432; x_wconf 89' lang='lat'><strong>24</strong></span> <span class='ocrx_word' id='word_1_2' title='bbox 438 367 603 419; x_wconf 88' lang='lat' dir='ltr'><strong>PUBLILII</strong></span> <span class='ocrx_word' id='word_1_3' title='bbox 626 368 710 420; x_wconf 89' lang='lat' dir='ltr'><strong>SYRI</strong></span> <span class='ocrx_word' id='word_1_4' title='bbox 734 369 982 421; x_wconf 84' lang='lat' dir='ltr'><strong>SENTENTIAE.</strong></span> 
     </span>
    </p>
   </div>
   <div class='ocr_carea' id='block_1_2' title="bbox 138 522 1246 2478">
    <p class='ocr_par' dir='ltr' id='par_1_2' title="bbox 184 522 1243 610">
     <span class='ocr_line' id='line_1_2' title="bbox 184 522 1243 610; baseline 0.005 -24"><span class='ocrx_word' id='word_1_5' title='bbox 184 522 312 587; x_wconf 92' lang='lat' dir='ltr'><strong>Malam</strong></span> <span class='ocrx_word' id='word_1_6' title='bbox 336 544 406 588; x_wconf 90' lang='lat' dir='ltr'><strong>rem</strong></span> <span class='ocrx_word' id='word_1_7' title='bbox 428 545 505 589; x_wconf 93' lang='lat' dir='ltr'><strong>cum</strong></span> <span class='ocrx_word' id='word_1_8' title='bbox 528 524 619 602; x_wconf 92' lang='lat' dir='ltr'><strong>velis,</strong></span> <span class='ocrx_word' id='word_1_9' title='bbox 641 525 853 591; x_wconf 87' lang='lat' dir='ltr'><strong>honestatem</strong></span> <span class='ocrx_word' id='word_1_10' title='bbox 876 528 1055 610; x_wconf 87' lang='lat' dir='ltr'><strong>improbes.</strong></span> <span class='ocrx_word' id='word_1_11' title='bbox 1195 555 1243 610; x_wconf 81' lang='lat'><strong>395</strong></span> 
     </span>
    </p>

    <p class='ocr_par' dir='ltr' id='par_1_3' title="bbox 138 623 1159 795">
     <span class='ocr_line' id='line_1_3' title="bbox 184 623 1159 708; baseline 0.007 -25"><span class='ocrx_word' id='word_1_12' title='bbox 184 623 324 684; x_wconf 85' lang='lat' dir='ltr'><strong>Malum</strong></span> <span class='ocrx_word' id='word_1_13' title='bbox 346 633 404 686; x_wconf 80' lang='lat' dir='ltr'><strong>est</strong></span> <span class='ocrx_word' id='word_1_14' title='bbox 426 625 632 705; x_wconf 84' lang='lat' dir='ltr'><strong>consilium,</strong></span> <span class='ocrx_word' id='word_1_15' title='bbox 655 629 752 706; x_wconf 91' lang='lat' dir='ltr'><strong>quod</strong></span> <span class='ocrx_word' id='word_1_16' title='bbox 773 630 906 691; x_wconf 85' lang='lat' dir='ltr'><strong>mutari</strong></span> <span class='ocrx_word' id='word_1_17' title='bbox 927 647 1001 692; x_wconf 91' lang='lat' dir='ltr'><strong>non</strong></span> <span class='ocrx_word' id='word_1_18' title='bbox 1023 637 1159 708; x_wconf 88' lang='lat' dir='ltr'><strong>potest.</strong></span> 
     </span>
     <span class='ocr_line' id='line_1_4' title="bbox 138 723 1010 795; baseline 0.006 -7"><span class='ocrx_word' id='word_1_19' title='bbox 138 735 170 781; x_wconf 66' lang='grc' dir='ltr'><strong>δῦ</strong></span> <span class='ocrx_word' id='word_1_20' title='bbox 185 723 317 789; x_wconf 92' lang='lat' dir='ltr'><strong>Malitia</strong></span> <span class='ocrx_word' id='word_1_21' title='bbox 340 727 436 790; x_wconf 90' lang='lat' dir='ltr'><strong>unius</strong></span> <span class='ocrx_word' id='word_1_22' title='bbox 459 727 527 791; x_wconf 92' lang='lat' dir='ltr'><strong>cito</strong></span> <span class='ocrx_word' id='word_1_23' title='bbox 549 727 587 792; x_wconf 85' lang='lat' dir='ltr'><strong>tit</strong></span> <span class='ocrx_word' id='word_1_24' title='bbox 610 728 826 793; x_wconf 89' lang='lat' dir='ltr'><strong>maledictum</strong></span> <span class='ocrx_word' id='word_1_25' title='bbox 849 731 1010 795; x_wconf 86' lang='lat' dir='ltr'><strong>omnium.</strong></span> 
     </span>
    </p>

    <p class='ocr_par' dir='ltr' id='par_1_4' title="bbox 185 828 1056 909">
     <span class='ocr_line' id='line_1_5' title="bbox 185 828 1056 909; baseline 0.007 -17"><span class='ocrx_word' id='word_1_26' title='bbox 185 828 332 893; x_wconf 89' lang='lat' dir='ltr'><strong>Mortem</strong></span> <span class='ocrx_word' id='word_1_27' title='bbox 354 831 411 894; x_wconf 91' lang='lat' dir='ltr'><strong>ubi</strong></span> <span class='ocrx_word' id='word_1_28' title='bbox 434 840 638 909; x_wconf 88' lang='lat' dir='ltr'>contemnas,</span> <span class='ocrx_word' id='word_1_29' title='bbox 660 834 776 897; x_wconf 89' lang='lat' dir='ltr'><strong>viceris</strong></span> <span class='ocrx_word' id='word_1_30' title='bbox 799 854 916 898; x_wconf 91' lang='lat' dir='ltr'><strong>omnes</strong></span> <span class='ocrx_word' id='word_1_31' title='bbox 939 842 1056 898; x_wconf 89' lang='lat' dir='ltr'><strong>metus.</strong></span> 
     </span>
    </p>

    <p class='ocr_par' dir='ltr' id='par_1_5' title="bbox 186 933 1053 1020">
     <span class='ocr_line' id='line_1_6' title="bbox 186 933 1053 1020; baseline 0.006 -23"><span class='ocrx_word' id='word_1_32' title='bbox 186 933 311 998; x_wconf 91' lang='lat' dir='ltr'><strong>Misera</strong></span> <span class='ocrx_word' id='word_1_33' title='bbox 333 943 383 998; x_wconf 91' lang='lat' dir='ltr'><strong>est</strong></span> <span class='ocrx_word' id='word_1_34' title='bbox 405 934 571 1017; x_wconf 76' lang='lat' dir='ltr'><strong>voluptaS,</strong></span> <span class='ocrx_word' id='word_1_35' title='bbox 593 937 650 1000; x_wconf 93' lang='lat' dir='ltr'><strong>ubi</strong></span> <span class='ocrx_word' id='word_1_36' title='bbox 673 936 786 1020; x_wconf 90' lang='lat' dir='ltr'><strong>pericli</strong></span> <span class='ocrx_word' id='word_1_37' title='bbox 809 938 971 1001; x_wconf 90' lang='lat' dir='ltr'><strong>memoria</strong></span> <span class='ocrx_word' id='word_1_38' title='bbox 994 946 1053 1002; x_wconf 83' lang='lat' dir='ltr'><strong>est</strong></span> 
     </span>
    </p>

    <p class='ocr_par' dir='ltr' id='par_1_6' title="bbox 186 1037 976 1123">
     <span class='ocr_line' id='line_1_7' title="bbox 186 1037 976 1123; baseline 0.006 -24"><span class='ocrx_word' id='word_1_39' title='bbox 186 1037 278 1102; x_wconf 94' lang='lat' dir='ltr'><strong>Male</strong></span> <span class='ocrx_word' id='word_1_40' title='bbox 299 1037 402 1101; x_wconf 91' lang='lat' dir='ltr'><strong>vincit</strong></span> <span class='ocrx_word' id='word_1_41' title='bbox 424 1038 493 1101; x_wconf 88' lang='lat' dir='ltr'><strong>iarn</strong></span> <span class='ocrx_word' id='word_1_42' title='bbox 515 1059 616 1121; x_wconf 89' lang='lat' dir='ltr'><strong>quem</strong></span> <span class='ocrx_word' id='word_1_43' title='bbox 638 1041 788 1123; x_wconf 90' lang='lat' dir='ltr'><strong>poenitet</strong></span> <span class='ocrx_word' id='word_1_44' title='bbox 809 1042 976 1105; x_wconf 89' lang='lat' dir='ltr'><strong>victoriae.</strong></span> 
     </span>
    </p>

    <p class='ocr_par' dir='ltr' id='par_1_7' title="bbox 142 1142 1008 1330">
     <span class='ocr_line' id='line_1_8' title="bbox 186 1142 918 1226; baseline 0.008 -22"><span class='ocrx_word' id='word_1_45' title='bbox 186 1142 374 1206; x_wconf 87' lang='lat' dir='ltr'>Misericors</span> <span class='ocrx_word' id='word_1_46' title='bbox 396 1142 477 1206; x_wconf 91' lang='lat' dir='ltr'><strong>civis</strong></span> <span class='ocrx_word' id='word_1_47' title='bbox 499 1145 628 1226; x_wconf 88' lang='lat' dir='ltr'>patriae</span> <span class='ocrx_word' id='word_1_48' title='bbox 650 1155 701 1209; x_wconf 93' lang='lat' dir='ltr'><strong>est</strong></span> <span class='ocrx_word' id='word_1_49' title='bbox 723 1147 918 1210; x_wconf 91' lang='lat' dir='ltr'><strong>consolatio.</strong></span> 
     </span>
     <span class='ocr_line' id='line_1_9' title="bbox 142 1245 1008 1330; baseline 0.01 -23"><span class='ocrx_word' id='word_1_50' title='bbox 142 1261 173 1307; x_wconf 78' lang='lat' dir='ltr'><strong>ro</strong></span> <span class='ocrx_word' id='word_1_51' title='bbox 188 1245 319 1309; x_wconf 91' lang='lat' dir='ltr'><strong>Malitia</strong></span> <span class='ocrx_word' id='word_1_52' title='bbox 341 1255 379 1310; x_wconf 90' lang='lat' dir='ltr'><strong>ut</strong></span> <span class='ocrx_word' id='word_1_53' title='bbox 401 1248 494 1330; x_wconf 87' lang='lat' dir='ltr'><strong>peior</strong></span> <span class='ocrx_word' id='word_1_54' title='bbox 515 1249 636 1326; x_wconf 86' lang='lat' dir='ltr'><strong>veniat,</strong></span> <span class='ocrx_word' id='word_1_55' title='bbox 657 1271 694 1314; x_wconf 94' lang='lat' dir='ltr'><strong>se</strong></span> <span class='ocrx_word' id='word_1_56' title='bbox 715 1251 852 1316; x_wconf 90' lang='lat' dir='ltr'><strong>simulat</strong></span> <span class='ocrx_word' id='word_1_57' title='bbox 874 1252 1008 1316; x_wconf 88' lang='lat' dir='ltr'><strong>bonam.</strong></span> 
     </span>
    </p>

    <p class='ocr_par' dir='ltr' id='par_1_8' title="bbox 189 1349 934 1438">
     <span class='ocr_line' id='line_1_10' title="bbox 189 1349 934 1438; baseline 0.011 -26"><span class='ocrx_word' id='word_1_58' title='bbox 189 1349 301 1412; x_wconf 91' lang='lat' dir='ltr'><strong>Malus</strong></span> <span class='ocrx_word' id='word_1_59' title='bbox 324 1351 455 1414; x_wconf 90' lang='lat' dir='ltr'><strong>animus</strong></span> <span class='ocrx_word' id='word_1_60' title='bbox 477 1351 511 1413; x_wconf 95' lang='lat' dir='ltr'><strong>in</strong></span> <span class='ocrx_word' id='word_1_61' title='bbox 533 1363 661 1417; x_wconf 92' lang='lat' dir='ltr'><strong>secreto</strong></span> <span class='ocrx_word' id='word_1_62' title='bbox 682 1355 777 1436; x_wconf 91' lang='lat' dir='ltr'><strong>peius</strong></span> <span class='ocrx_word' id='word_1_63' title='bbox 800 1356 934 1438; x_wconf 83' lang='lat' dir='ltr'><strong>cogitat.</strong></span> 
     </span>
    </p>

    <p class='ocr_par' dir='ltr' id='par_1_9' title="bbox 189 1452 1061 1540">
     <span class='ocr_line' id='line_1_11' title="bbox 189 1452 1061 1540; baseline 0.008 -25"><span class='ocrx_word' id='word_1_64' title='bbox 189 1452 322 1516; x_wconf 86' lang='lat' dir='ltr'><strong>Mutare</strong></span> <span class='ocrx_word' id='word_1_65' title='bbox 343 1455 433 1536; x_wconf 93' lang='lat' dir='ltr'><strong>quod</strong></span> <span class='ocrx_word' id='word_1_66' title='bbox 457 1474 524 1540; x_wconf 91' lang='lat' dir='ltr'><strong>non</strong></span> <span class='ocrx_word' id='word_1_67' title='bbox 546 1457 663 1538; x_wconf 91' lang='lat' dir='ltr'><strong>possis,</strong></span> <span class='ocrx_word' id='word_1_68' title='bbox 686 1466 723 1521; x_wconf 90' lang='lat' dir='ltr'><strong>ut</strong></span> <span class='ocrx_word' id='word_1_69' title='bbox 745 1468 860 1523; x_wconf 90' lang='lat' dir='ltr'><strong>natum</strong></span> <span class='ocrx_word' id='word_1_70' title='bbox 886 1468 945 1536; x_wconf 91' lang='lat' dir='ltr'><strong>est,</strong></span> <span class='ocrx_word' id='word_1_71' title='bbox 968 1457 1061 1523; x_wconf 82' lang='lat' dir='ltr'><strong>ieras.</strong></span> 
     </span>
    </p>

    <p class='ocr_par' dir='ltr' id='par_1_10' title="bbox 189 1557 1246 1644">
     <span class='ocr_line' id='line_1_12' title="bbox 189 1557 1246 1644; baseline 0.006 -23"><span class='ocrx_word' id='word_1_72' title='bbox 189 1557 299 1623; x_wconf 91' lang='lat' dir='ltr'><strong>Multa</strong></span> <span class='ocrx_word' id='word_1_73' title='bbox 320 1569 399 1623; x_wconf 91' lang='lat' dir='ltr'><strong>ante</strong></span> <span class='ocrx_word' id='word_1_74' title='bbox 421 1569 575 1643; x_wconf 89' lang='lat' dir='ltr'><strong>temptes,</strong></span> <span class='ocrx_word' id='word_1_75' title='bbox 599 1582 700 1644; x_wconf 93' lang='lat' dir='ltr'><strong>quam</strong></span> <span class='ocrx_word' id='word_1_76' title='bbox 723 1563 830 1626; x_wconf 92' lang='lat' dir='ltr'><strong>virum</strong></span> <span class='ocrx_word' id='word_1_77' title='bbox 854 1564 1003 1627; x_wconf 88' lang='lat' dir='ltr'><strong>invenias</strong></span> <span class='ocrx_word' id='word_1_78' title='bbox 1026 1564 1161 1628; x_wconf 93' lang='lat' dir='ltr'><strong>bonum.</strong></span> <span class='ocrx_word' id='word_1_79' title='bbox 1198 1591 1246 1641; x_wconf 83' lang='lat'><strong>405</strong></span> 
     </span>
    </p>

    <p class='ocr_par' dir='ltr' id='par_1_11' title="bbox 145 1665 944 1846">
     <span class='ocr_line' id='line_1_13' title="bbox 190 1665 944 1732; baseline 0.004 -4"><span class='ocrx_word' id='word_1_80' title='bbox 190 1665 414 1730; x_wconf 88' lang='lat' dir='ltr'><strong>Miserrimum</strong></span> <span class='ocrx_word' id='word_1_81' title='bbox 437 1675 489 1730; x_wconf 90' lang='lat' dir='ltr'><strong>est</strong></span> <span class='ocrx_word' id='word_1_82' title='bbox 511 1666 646 1730; x_wconf 89' lang='lat' dir='ltr'><strong>arbitrio</strong></span> <span class='ocrx_word' id='word_1_83' title='bbox 669 1667 804 1731; x_wconf 91' lang='lat' dir='ltr'><strong>alterius</strong></span> <span class='ocrx_word' id='word_1_84' title='bbox 827 1668 944 1732; x_wconf 90' lang='lat' dir='ltr'><strong>vivere.</strong></span> 
     </span>
     <span class='ocr_line' id='line_1_14' title="bbox 145 1771 883 1846; baseline 0.005 -14"><span class='ocrx_word' id='word_1_85' title='bbox 145 1787 175 1832; x_wconf 79' lang='lat' dir='ltr'><strong>ru</strong></span> <span class='ocrx_word' id='word_1_86' title='bbox 191 1771 369 1834; x_wconf 92' lang='lat' dir='ltr'><strong>Mansueta</strong></span> <span class='ocrx_word' id='word_1_87' title='bbox 391 1771 514 1834; x_wconf 94' lang='lat' dir='ltr'><strong>tutiora</strong></span> <span class='ocrx_word' id='word_1_88' title='bbox 536 1778 623 1846; x_wconf 89' lang='lat' dir='ltr'><strong>sunt,</strong></span> <span class='ocrx_word' id='word_1_89' title='bbox 645 1771 704 1835; x_wconf 91' lang='lat' dir='ltr'><strong>sed</strong></span> <span class='ocrx_word' id='word_1_90' title='bbox 727 1773 883 1836; x_wconf 90' lang='lat' dir='ltr'><strong>serviunt.</strong></span> 
     </span>
    </p>

    <p class='ocr_par' dir='ltr' id='par_1_12' title="bbox 190 1873 930 1940">
     <span class='ocr_line' id='line_1_15' title="bbox 190 1873 930 1940; baseline 0.003 -4"><span class='ocrx_word' id='word_1_91' title='bbox 190 1873 284 1936; x_wconf 94' lang='lat' dir='ltr'><strong>Mala</strong></span> <span class='ocrx_word' id='word_1_92' title='bbox 306 1893 394 1936; x_wconf 90' lang='lat' dir='ltr'><strong>mors</strong></span> <span class='ocrx_word' id='word_1_93' title='bbox 417 1874 624 1938; x_wconf 86' lang='lat' dir='ltr'><strong>necessitatis</strong></span> <span class='ocrx_word' id='word_1_94' title='bbox 646 1875 849 1940; x_wconf 92' lang='lat' dir='ltr'><strong>contumelia</strong></span> <span class='ocrx_word' id='word_1_95' title='bbox 872 1885 930 1939; x_wconf 91' lang='lat' dir='ltr'><strong>est.</strong></span> 
     </span>
    </p>

    <p class='ocr_par' dir='ltr' id='par_1_13' title="bbox 192 1978 1007 2062">
     <span class='ocr_line' id='line_1_16' title="bbox 192 1978 1007 2062; baseline 0.001 -22"><span class='ocrx_word' id='word_1_96' title='bbox 192 1978 305 2041; x_wconf 92' lang='lat' dir='ltr'><strong>Minus</strong></span> <span class='ocrx_word' id='word_1_97' title='bbox 328 1996 428 2059; x_wconf 91' lang='lat' dir='ltr'><strong>saepe</strong></span> <span class='ocrx_word' id='word_1_98' title='bbox 449 1996 575 2058; x_wconf 89' lang='lat' dir='ltr'><strong>pecces,</strong></span> <span class='ocrx_word' id='word_1_99' title='bbox 598 1979 625 2041; x_wconf 94' lang='lat' dir='ltr'><strong>si</strong></span> <span class='ocrx_word' id='word_1_100' title='bbox 648 1979 733 2043; x_wconf 90' lang='lat' dir='ltr'><strong>scias</strong></span> <span class='ocrx_word' id='word_1_101' title='bbox 755 1981 847 2062; x_wconf 91' lang='lat' dir='ltr'><strong>quod</strong></span> <span class='ocrx_word' id='word_1_102' title='bbox 870 1979 1007 2042; x_wconf 87' lang='lat' dir='ltr'><strong>nescias.</strong></span> 
     </span>
    </p>

    <p class='ocr_par' dir='ltr' id='par_1_14' title="bbox 146 2080 1245 2372">
     <span class='ocr_line' id='line_1_17' title="bbox 192 2080 1223 2166; baseline 0.001 -21"><span class='ocrx_word' id='word_1_103' title='bbox 192 2080 303 2147; x_wconf 91' lang='lat' dir='ltr'><strong>Malus</strong></span> <span class='ocrx_word' id='word_1_104' title='bbox 325 2081 526 2164; x_wconf 90' lang='lat' dir='ltr'><strong>quicumque</strong></span> <span class='ocrx_word' id='word_1_105' title='bbox 548 2080 581 2143; x_wconf 96' lang='lat' dir='ltr'><strong>in</strong></span> <span class='ocrx_word' id='word_1_106' title='bbox 603 2103 714 2165; x_wconf 91' lang='lat' dir='ltr'><strong>poena</strong></span> <span class='ocrx_word' id='word_1_107' title='bbox 736 2092 795 2159; x_wconf 92' lang='lat' dir='ltr'><strong>est,</strong></span> <span class='ocrx_word' id='word_1_108' title='bbox 817 2082 1020 2166; x_wconf 90' lang='lat' dir='ltr'><strong>praesidium</strong></span> <span class='ocrx_word' id='word_1_109' title='bbox 1043 2091 1095 2146; x_wconf 90' lang='lat' dir='ltr'><strong>est</strong></span> <span class='ocrx_word' id='word_1_110' title='bbox 1117 2082 1223 2146; x_wconf 92' lang='lat' dir='ltr'><strong>bonis.</strong></span> 
     </span>
     <span class='ocr_line' id='line_1_18' title="bbox 150 2185 1245 2270; baseline 0 -18"><span class='ocrx_word' id='word_1_111' title='bbox 150 2188 176 2252; x_wconf 92' lang='lat' dir='ltr'>Z</span> <span class='ocrx_word' id='word_1_112' title='bbox 194 2187 287 2252; x_wconf 92' lang='lat' dir='ltr'><strong>Mala</strong></span> <span class='ocrx_word' id='word_1_113' title='bbox 309 2196 360 2252; x_wconf 93' lang='lat' dir='ltr'><strong>est</strong></span> <span class='ocrx_word' id='word_1_114' title='bbox 382 2185 503 2267; x_wconf 92' lang='lat' dir='ltr'><strong>inopia,</strong></span> <span class='ocrx_word' id='word_1_115' title='bbox 527 2205 572 2248; x_wconf 88' lang='lat' dir='ltr'><strong>ex</strong></span> <span class='ocrx_word' id='word_1_116' title='bbox 594 2187 691 2269; x_wconf 93' lang='lat' dir='ltr'><strong>copia</strong></span> <span class='ocrx_word' id='word_1_117' title='bbox 713 2207 800 2270; x_wconf 94' lang='lat' dir='ltr'><strong>quae</strong></span> <span class='ocrx_word' id='word_1_118' title='bbox 822 2188 975 2251; x_wconf 90' lang='lat' dir='ltr'><strong>nascitur.</strong></span> <span class='ocrx_word' id='word_1_119' title='bbox 1200 2218 1245 2265; x_wconf 81' lang='lat'><strong>411</strong></span> 
     </span>
     <span class='ocr_line' id='line_1_19' title="bbox 146 2291 888 2372; baseline 0 -16"><span class='ocrx_word' id='word_1_120' title='bbox 146 2301 177 2364; x_wconf 94' lang='lat'>0</span> <span class='ocrx_word' id='word_1_121' title='bbox 194 2294 334 2357; x_wconf 94' lang='lat' dir='ltr'><strong>Monere</strong></span> <span class='ocrx_word' id='word_1_122' title='bbox 356 2311 423 2354; x_wconf 94' lang='lat' dir='ltr'><strong>non</strong></span> <span class='ocrx_word' id='word_1_123' title='bbox 445 2291 563 2372; x_wconf 90' lang='lat' dir='ltr'><strong>punire</strong></span> <span class='ocrx_word' id='word_1_124' title='bbox 584 2291 762 2356; x_wconf 90' lang='lat' dir='ltr'><strong>stultitiam</strong></span> <span class='ocrx_word' id='word_1_125' title='bbox 785 2293 888 2356; x_wconf 78' lang='lat' dir='ltr'><strong>decet</strong></span> 
     </span>
    </p>

    <p class='ocr_par' dir='ltr' id='par_1_15' title="bbox 258 2394 1204 2478">
     <span class='ocr_line' id='line_1_20' title="bbox 258 2394 1204 2478; baseline 0 -17"><span class='ocrx_word' id='word_1_126' title='bbox 258 2397 370 2461; x_wconf 95' lang='lat' dir='ltr'><strong>Multo</strong></span> <span class='ocrx_word' id='word_1_127' title='bbox 392 2394 521 2476; x_wconf 90' lang='lat' dir='ltr'><strong>turpius</strong></span> <span class='ocrx_word' id='word_1_128' title='bbox 544 2394 730 2472; x_wconf 89' lang='lat' dir='ltr'><strong>damnatur,</strong></span> <span class='ocrx_word' id='word_1_129' title='bbox 754 2397 807 2458; x_wconf 92' lang='lat' dir='ltr'><strong>cui</strong></span> <span class='ocrx_word' id='word_1_130' title='bbox 830 2396 988 2460; x_wconf 90' lang='lat' dir='ltr'><strong>delictum</strong></span> <span class='ocrx_word' id='word_1_131' title='bbox 1012 2396 1204 2478; x_wconf 86' lang='lat' dir='ltr'><strong>ignoscitur.</strong></span> 
     </span>
    </p>
   </div>
   <div class='ocr_carea' id='block_1_3' title="bbox 151 2558 941 2643">
    <p class='ocr_par' dir='ltr' id='par_1_16' title="bbox 151 2558 941 2643">
     <span class='ocr_line' id='line_1_21' title="bbox 151 2558 941 2643; baseline -0.005 -17"><span class='ocrx_word' id='word_1_132' title='bbox 151 2562 251 2633; x_wconf 59' lang='lat' dir='ltr'><strong>{Nil</strong></span> <span class='ocrx_word' id='word_1_133' title='bbox 274 2580 373 2643; x_wconf 85' lang='lat' dir='ltr'><strong>agere</strong></span> <span class='ocrx_word' id='word_1_134' title='bbox 395 2579 527 2641; x_wconf 90' lang='lat' dir='ltr'><strong>semper</strong></span> <span class='ocrx_word' id='word_1_135' title='bbox 549 2558 679 2624; x_wconf 84' lang='lat' dir='ltr'><strong>infelici·</strong></span> <span class='ocrx_word' id='word_1_136' title='bbox 694 2567 745 2622; x_wconf 89' lang='lat' dir='ltr'><strong>est</strong></span> <span class='ocrx_word' id='word_1_137' title='bbox 766 2560 941 2641; x_wconf 91' lang='lat' dir='ltr'><strong>optimum.</strong></span> 
     </span>
    </p>
   </div>
   <div class='ocr_carea' id='block_1_4' title="bbox 194 2719 1253 3502">
    <p class='ocr_par' dir='ltr' id='par_1_17' title="bbox 194 2719 1253 3502">
     <span class='ocr_line' id='line_1_22' title="bbox 194 2719 1250 2776; baseline -0.005 -1"><span class='ocrx_word' id='word_1_138' title='bbox 194 2740 248 2776; x_wconf 85' lang='lat' dir='ltr'><strong>sera</strong></span> <span class='ocrx_word' id='word_1_139' title='bbox 259 2722 328 2774; x_wconf 90' lang='lat' dir='ltr'><strong>venis</strong></span> <span class='ocrx_word' id='word_1_140' title='bbox 339 2720 393 2772; x_wconf 90' lang='lat' dir='ltr'><strong>seni</strong></span> <span class='ocrx_word' id='word_1_141' title='bbox 403 2722 447 2771; x_wconf 85' lang='lat' dir='ltr'><strong>Fr.</strong></span> <span class='ocrx_word' id='word_1_142' title='bbox 483 2719 558 2770; x_wconf 88' lang='lat' dir='ltr'><strong>nimis</strong></span> <span class='ocrx_word' id='word_1_143' title='bbox 570 2736 625 2770; x_wconf 85' lang='lat' dir='ltr'><strong>sera</strong></span> <span class='ocrx_word' id='word_1_144' title='bbox 636 2727 673 2770; x_wconf 92' lang='lat' dir='ltr'><strong>est</strong></span> <span class='ocrx_word' id='word_1_145' title='bbox 685 2721 738 2770; x_wconf 88' lang='lat' dir='ltr'><strong>seni</strong></span> <span class='ocrx_word' id='word_1_146' title='bbox 750 2721 805 2770; x_wconf 83' lang='lat' dir='ltr'><strong>Mr.</strong></span> <span class='ocrx_word' id='word_1_147' title='bbox 905 2727 955 2771; x_wconf 70' lang='lat'><strong>⁸⁸.</strong></span> <span class='ocrx_word' id='word_1_148' title='bbox 988 2721 1180 2772; x_wconf 83' lang='lat' dir='ltr'><strong>honestatemF</strong></span> <span class='ocrx_word' id='word_1_149' title='bbox 1197 2724 1250 2772; x_wconf 99' lang='grc' dir='ltr'><strong>Μ.</strong></span> 
     </span>
     <span class='ocr_line' id='line_1_23' title="bbox 194 2785 1251 2855; baseline -0.002 -15"><span class='ocrx_word' id='word_1_150' title='bbox 194 2792 238 2855; x_wconf 80' lang='lat' dir='ltr'><strong>Sp.</strong></span> <span class='ocrx_word' id='word_1_151' title='bbox 249 2791 295 2839; x_wconf 85' lang='lat' dir='ltr'><strong>Fr.</strong></span> <span class='ocrx_word' id='word_1_152' title='bbox 328 2787 524 2838; x_wconf 84' lang='lat' dir='ltr'><strong>honestareMr.</strong></span> <span class='ocrx_word' id='word_1_153' title='bbox 658 2792 707 2835; x_wconf 73' lang='grc' dir='ltr'><strong>ω.</strong></span> <span class='ocrx_word' id='word_1_154' title='bbox 740 2793 821 2836; x_wconf 86' lang='lat' dir='ltr'><strong>metus</strong></span> <span class='ocrx_word' id='word_1_155' title='bbox 832 2785 921 2836; x_wconf 89' lang='lat' dir='ltr'><strong>viceris</strong></span> <span class='ocrx_word' id='word_1_156' title='bbox 932 2787 1152 2837; x_wconf 87' lang='lat' dir='ltr'><strong>omnesticeris</strong></span> <span class='ocrx_word' id='word_1_157' title='bbox 1163 2804 1251 2839; x_wconf 90' lang='lat' dir='ltr'><strong>omnes</strong></span> 
     </span>
     <span class='ocr_line' id='line_1_24' title="bbox 195 2851 1249 2917; baseline -0.006 -10"><span class='ocrx_word' id='word_1_158' title='bbox 195 2864 275 2906; x_wconf 87' lang='lat' dir='ltr'><strong>metus</strong></span> <span class='ocrx_word' id='word_1_159' title='bbox 302 2855 348 2904; x_wconf 84' lang='lat' dir='ltr'><strong>Bo.</strong></span> <span class='ocrx_word' id='word_1_160' title='bbox 379 2854 423 2917; x_wconf 85' lang='lat' dir='ltr'><strong>Sp.</strong></span> <span class='ocrx_word' id='word_1_161' title='bbox 444 2852 499 2900; x_wconf 90' lang='lat' dir='ltr'><strong>Mr.</strong></span> <span class='ocrx_word' id='word_1_162' title='bbox 523 2851 569 2900; x_wconf 81' lang='lat' dir='ltr'><strong>Fr.</strong></span> <span class='ocrx_word' id='word_1_163' title='bbox 613 2866 701 2901; x_wconf 89' lang='lat' dir='ltr'><strong>omnes</strong></span> <span class='ocrx_word' id='word_1_164' title='bbox 729 2851 817 2901; x_wconf 90' lang='lat' dir='ltr'><strong>viceris</strong></span> <span class='ocrx_word' id='word_1_165' title='bbox 844 2859 925 2901; x_wconf 89' lang='lat' dir='ltr'><strong>metus</strong></span> <span class='ocrx_word' id='word_1_166' title='bbox 952 2852 1056 2916; x_wconf 82' lang='lat' dir='ltr'><strong>Ingolst.</strong></span> <span class='ocrx_word' id='word_1_167' title='bbox 1085 2853 1164 2903; x_wconf 82' lang='lat' dir='ltr'><strong>editor</strong></span> <span class='ocrx_word' id='word_1_168' title='bbox 1195 2854 1249 2902; x_wconf 92' lang='grc' dir='ltr'><strong>Μ.</strong></span> 
     </span>
     <span class='ocr_line' id='line_1_25' title="bbox 196 2916 1250 2982; baseline -0.005 -11"><span class='ocrx_word' id='word_1_169' title='bbox 196 2928 246 2971; x_wconf 75' lang='grc'><strong>68.</strong></span> <span class='ocrx_word' id='word_1_170' title='bbox 280 2920 356 2970; x_wconf 85' lang='lat' dir='ltr'><strong>vincit</strong></span> <span class='ocrx_word' id='word_1_171' title='bbox 371 2917 502 2968; x_wconf 89' lang='lat' dir='ltr'><strong>audaciam</strong></span> <span class='ocrx_word' id='word_1_172' title='bbox 516 2931 592 2981; x_wconf 91' lang='lat' dir='ltr'><strong>quem</strong></span> <span class='ocrx_word' id='word_1_173' title='bbox 606 2916 629 2965; x_wconf 90' lang='lat' dir='ltr'>T</span> <span class='ocrx_word' id='word_1_174' title='bbox 644 2916 720 2966; x_wconf 85' lang='lat' dir='ltr'><strong>vincit</strong></span> <span class='ocrx_word' id='word_1_175' title='bbox 735 2932 811 2982; x_wconf 87' lang='lat' dir='ltr'><strong>quem</strong></span> <span class='ocrx_word' id='word_1_176' title='bbox 827 2916 848 2965; x_wconf 87' lang='lat' dir='ltr'>F</span> <span class='ocrx_word' id='word_1_177' title='bbox 864 2916 943 2967; x_wconf 87' lang='lat' dir='ltr'><strong>vincit</strong></span> <span class='ocrx_word' id='word_1_178' title='bbox 957 2917 979 2966; x_wconf 90' lang='lat' dir='ltr'><strong>is</strong></span> <span class='ocrx_word' id='word_1_179' title='bbox 994 2933 1069 2982; x_wconf 89' lang='lat' dir='ltr'><strong>quem</strong></span> <span class='ocrx_word' id='word_1_180' title='bbox 1087 2918 1131 2966; x_wconf 88' lang='lat' dir='ltr'><strong>Gr.</strong></span> <span class='ocrx_word' id='word_1_181' title='bbox 1146 2919 1190 2967; x_wconf 87' lang='lat' dir='ltr'><strong>Or.</strong></span> <span class='ocrx_word' id='word_1_182' title='bbox 1202 2919 1250 2968; x_wconf 87' lang='lat' dir='ltr'><strong>Bo.</strong></span> 
     </span>
     <span class='ocr_line' id='line_1_26' title="bbox 201 2981 1251 3058; baseline -0.004 -21"><span class='ocrx_word' id='word_1_183' title='bbox 201 2989 252 3037; x_wconf 92' lang='grc' dir='ltr'><strong>Μ.</strong></span> <span class='ocrx_word' id='word_1_184' title='bbox 286 3002 361 3050; x_wconf 88' lang='lat' dir='ltr'><strong>quem</strong></span> <span class='ocrx_word' id='word_1_185' title='bbox 376 2991 433 3050; x_wconf 86' lang='lat' dir='ltr'><strong>post</strong></span> <span class='ocrx_word' id='word_1_186' title='bbox 456 2983 506 3032; x_wconf 86' lang='lat' dir='ltr'><strong>Wo.</strong></span> <span class='ocrx_word' id='word_1_187' title='bbox 525 2983 569 3030; x_wconf 83' lang='lat' dir='ltr'><strong>Ri.</strong></span> <span class='ocrx_word' id='word_1_188' title='bbox 602 2997 677 3058; x_wconf 84' lang='lat' dir='ltr'><strong>quem</strong></span> <span class='ocrx_word' id='word_1_189' title='bbox 696 2997 756 3031; x_wconf 86' lang='lat' dir='ltr'><strong>mox</strong></span> <span class='ocrx_word' id='word_1_190' title='bbox 772 2981 850 3031; x_wconf 83' lang='lat' dir='ltr'><strong>Halm</strong></span> <span class='ocrx_word' id='word_1_191' title='bbox 883 2998 959 3048; x_wconf 90' lang='lat' dir='ltr'><strong>quem</strong></span> <span class='ocrx_word' id='word_1_192' title='bbox 975 2983 1041 3032; x_wconf 81' lang='lat' dir='ltr'><strong>clam</strong></span> <span class='ocrx_word' id='word_1_193' title='bbox 1057 2984 1101 3046; x_wconf 79' lang='lat' dir='ltr'><strong>Sp.</strong></span> <span class='ocrx_word' id='word_1_194' title='bbox 1120 2984 1162 3033; x_wconf 82' lang='lat' dir='ltr'><strong>Ri.</strong></span> <span class='ocrx_word' id='word_1_195' title='bbox 1199 2983 1251 3034; x_wconf 83' lang='lat' dir='ltr'><strong>iam</strong></span> 
     </span>
     <span class='ocr_line' id='line_1_27' title="bbox 196 3045 1250 3118; baseline -0.005 -16"><span class='ocrx_word' id='word_1_196' title='bbox 196 3067 271 3118; x_wconf 91' lang='lat' dir='ltr'><strong>quem</strong></span> <span class='ocrx_word' id='word_1_197' title='bbox 281 3053 327 3101; x_wconf 85' lang='lat' dir='ltr'><strong>Fr.</strong></span> <span class='ocrx_word' id='word_1_198' title='bbox 463 3053 512 3096; x_wconf 75' lang='lat'><strong>04.</strong></span> <span class='ocrx_word' id='word_1_199' title='bbox 549 3045 650 3096; x_wconf 82' lang='lat' dir='ltr'><strong>altenus</strong></span> <span class='ocrx_word' id='word_1_200' title='bbox 661 3047 764 3097; x_wconf 83' lang='lat' dir='ltr'><strong>arbitrio</strong></span> <span class='ocrx_word' id='word_1_201' title='bbox 776 3047 819 3110; x_wconf 68' lang='lat' dir='ltr'><strong>Fu</strong></span> <span class='ocrx_word' id='word_1_202' title='bbox 830 3047 882 3097; x_wconf 84' lang='lat' dir='ltr'><strong>arb.</strong></span> <span class='ocrx_word' id='word_1_203' title='bbox 898 3047 941 3097; x_wconf 89' lang='lat' dir='ltr'><strong>alt.</strong></span> <span class='ocrx_word' id='word_1_204' title='bbox 959 3048 1002 3097; x_wconf 87' lang='lat' dir='ltr'><strong>Gr.</strong></span> <span class='ocrx_word' id='word_1_205' title='bbox 1020 3047 1064 3096; x_wconf 77' lang='lat' dir='ltr'><strong>Or.</strong></span> <span class='ocrx_word' id='word_1_206' title='bbox 1076 3048 1123 3097; x_wconf 89' lang='lat' dir='ltr'><strong>Bo.</strong></span> <span class='ocrx_word' id='word_1_207' title='bbox 1141 3049 1193 3098; x_wconf 91' lang='grc' dir='ltr'><strong>Μ.</strong></span> <span class='ocrx_word' id='word_1_208' title='bbox 1205 3050 1250 3098; x_wconf 85' lang='lat' dir='ltr'><strong>Ri.</strong></span> 
     </span>
     <span class='ocr_line' id='line_1_28' title="bbox 195 3112 1251 3182; baseline -0.005 -15"><span class='ocrx_word' id='word_1_209' title='bbox 195 3118 305 3182; x_wconf 85' lang='lat' dir='ltr'><strong>Sp.Mr.</strong></span> <span class='ocrx_word' id='word_1_210' title='bbox 339 3115 421 3165; x_wconf 87' lang='lat' dir='ltr'><strong>alieno</strong></span> <span class='ocrx_word' id='word_1_211' title='bbox 432 3112 535 3163; x_wconf 86' lang='lat' dir='ltr'><strong>arbitrio</strong></span> <span class='ocrx_word' id='word_1_212' title='bbox 545 3113 590 3161; x_wconf 77' lang='lat' dir='ltr'><strong>Fr.</strong></span> <span class='ocrx_word' id='word_1_213' title='bbox 688 3118 736 3162; x_wconf 66' lang='grc' dir='ltr'><strong>οἳ.</strong></span> <span class='ocrx_word' id='word_1_214' title='bbox 773 3113 855 3162; x_wconf 88' lang='lat' dir='ltr'><strong>minus</strong></span> <span class='ocrx_word' id='word_1_215' title='bbox 865 3128 940 3178; x_wconf 83' lang='lat' dir='ltr'><strong>saepe</strong></span> <span class='ocrx_word' id='word_1_216' title='bbox 951 3112 1073 3177; x_wconf 88' lang='lat' dir='ltr'><strong>peccesF</strong></span> <span class='ocrx_word' id='word_1_217' title='bbox 1087 3114 1132 3163; x_wconf 86' lang='lat' dir='ltr'><strong>Gr.</strong></span> <span class='ocrx_word' id='word_1_218' title='bbox 1147 3114 1191 3162; x_wconf 87' lang='lat' dir='ltr'><strong>Or.</strong></span> <span class='ocrx_word' id='word_1_219' title='bbox 1202 3115 1251 3164; x_wconf 88' lang='lat' dir='ltr'><strong>Bo.</strong></span> 
     </span>
     <span class='ocr_line' id='line_1_29' title="bbox 202 3177 1251 3248; baseline -0.004 -15"><span class='ocrx_word' id='word_1_220' title='bbox 202 3184 253 3232; x_wconf 94' lang='grc' dir='ltr'><strong>Μ.</strong></span> <span class='ocrx_word' id='word_1_221' title='bbox 265 3184 308 3248; x_wconf 85' lang='lat' dir='ltr'><strong>Sp.</strong></span> <span class='ocrx_word' id='word_1_222' title='bbox 320 3183 375 3232; x_wconf 87' lang='lat' dir='ltr'><strong>Mr.</strong></span> <span class='ocrx_word' id='word_1_223' title='bbox 409 3180 492 3229; x_wconf 89' lang='lat' dir='ltr'><strong>minus</strong></span> <span class='ocrx_word' id='word_1_224' title='bbox 503 3177 603 3242; x_wconf 88' lang='lat' dir='ltr'><strong>supines</strong></span> <span class='ocrx_word' id='word_1_225' title='bbox 614 3178 659 3228; x_wconf 87' lang='lat' dir='ltr'><strong>Fr.</strong></span> <span class='ocrx_word' id='word_1_226' title='bbox 695 3178 763 3243; x_wconf 88' lang='lat' dir='ltr'><strong>quod</strong></span> <span class='ocrx_word' id='word_1_227' title='bbox 776 3178 796 3227; x_wconf 80' lang='lat' dir='ltr'><strong>p</strong></span> <span class='ocrx_word' id='word_1_228' title='bbox 809 3178 854 3226; x_wconf 85' lang='lat' dir='ltr'><strong>Or.</strong></span> <span class='ocrx_word' id='word_1_229' title='bbox 866 3178 912 3227; x_wconf 87' lang='lat' dir='ltr'><strong>Bo.</strong></span> <span class='ocrx_word' id='word_1_230' title='bbox 931 3179 982 3228; x_wconf 95' lang='grc' dir='ltr'><strong>Μ.</strong></span> <span class='ocrx_word' id='word_1_231' title='bbox 994 3179 1038 3242; x_wconf 87' lang='lat' dir='ltr'><strong>Sp.</strong></span> <span class='ocrx_word' id='word_1_232' title='bbox 1049 3179 1096 3227; x_wconf 78' lang='lat' dir='ltr'><strong>Fr.</strong></span> <span class='ocrx_word' id='word_1_233' title='bbox 1130 3179 1192 3244; x_wconf 90' lang='lat' dir='ltr'><strong>quid</strong></span> <span class='ocrx_word' id='word_1_234' title='bbox 1206 3180 1251 3229; x_wconf 89' lang='lat' dir='ltr'><strong>Gr.</strong></span> 
     </span>
     <span class='ocr_line' id='line_1_30' title="bbox 196 3243 1252 3308; baseline -0.003 -10"><span class='ocrx_word' id='word_1_235' title='bbox 196 3249 308 3298; x_wconf 84' lang='lat' dir='ltr'><strong>Ri.Mr.</strong></span> <span class='ocrx_word' id='word_1_236' title='bbox 423 3251 475 3294; x_wconf 74' lang='lat'><strong>00.</strong></span> <span class='ocrx_word' id='word_1_237' title='bbox 508 3243 811 3308; x_wconf 87' lang='lat' dir='ltr'><strong>quicunqueinpoenaF</strong></span> <span class='ocrx_word' id='word_1_238' title='bbox 825 3244 869 3293; x_wconf 84' lang='lat' dir='ltr'><strong>Gr.</strong></span> <span class='ocrx_word' id='word_1_239' title='bbox 884 3243 983 3293; x_wconf 74' lang='lat' dir='ltr'><strong>omre.</strong></span> <span class='ocrx_word' id='word_1_240' title='bbox 1017 3243 1060 3292; x_wconf 91' lang='lat' dir='ltr'><strong>ubi</strong></span> <span class='ocrx_word' id='word_1_241' title='bbox 1070 3259 1146 3293; x_wconf 88' lang='lat' dir='ltr'><strong>nemo</strong></span> <span class='ocrx_word' id='word_1_242' title='bbox 1157 3247 1252 3308; x_wconf 90' lang='lat' dir='ltr'><strong>inpune</strong></span> 
     </span>
     <span class='ocr_line' id='line_1_31' title="bbox 196 3307 1253 3378; baseline -0.003 -15"><span class='ocrx_word' id='word_1_243' title='bbox 196 3314 287 3364; x_wconf 81' lang='lat' dir='ltr'><em>Nauck</em></span> <span class='ocrx_word' id='word_1_244' title='bbox 314 3312 356 3378; x_wconf 94' lang='lat' dir='ltr'><strong>qui</strong></span> <span class='ocrx_word' id='word_1_245' title='bbox 367 3311 460 3376; x_wconf 89' lang='lat' dir='ltr'><strong>ubique</strong></span> <span class='ocrx_word' id='word_1_246' title='bbox 471 3310 591 3374; x_wconf 79' lang='lat' dir='ltr'><strong>inpoena</strong></span> <span class='ocrx_word' id='word_1_247' title='bbox 601 3309 646 3357; x_wconf 84' lang='lat' dir='ltr'><strong>Fr.</strong></span> <span class='ocrx_word' id='word_1_248' title='bbox 675 3309 750 3369; x_wconf 71' lang='lat' dir='ltr'><strong>w)</strong></span> <span class='ocrx_word' id='word_1_249' title='bbox 764 3308 843 3358; x_wconf 76' lang='lat' dir='ltr'><strong>hasa.</strong></span> <span class='ocrx_word' id='word_1_250' title='bbox 861 3323 881 3356; x_wconf 88' lang='lat'><strong>1.</strong></span> <span class='ocrx_word' id='word_1_251' title='bbox 895 3322 934 3371; x_wconf 76' lang='lat'><strong>²5·</strong></span> <span class='ocrx_word' id='word_1_252' title='bbox 948 3312 985 3370; x_wconf 87' lang='lat'><strong>58.</strong></span> <span class='ocrx_word' id='word_1_253' title='bbox 1001 3307 1042 3373; x_wconf 85' lang='lat'><strong>⁶9·</strong></span> <span class='ocrx_word' id='word_1_254' title='bbox 1102 3314 1150 3359; x_wconf 76' lang='lat'><strong>0⁰.</strong></span> <span class='ocrx_word' id='word_1_255' title='bbox 1187 3325 1253 3375; x_wconf 81' lang='lat' dir='ltr'><strong>quae</strong></span> 
     </span>
     <span class='ocr_line' id='line_1_32' title="bbox 198 3373 1249 3450; baseline -0.006 -21"><span class='ocrx_word' id='word_1_256' title='bbox 198 3380 306 3429; x_wconf 88' lang='lat' dir='ltr'><strong>nascitur</strong></span> <span class='ocrx_word' id='word_1_257' title='bbox 328 3394 358 3427; x_wconf 86' lang='lat' dir='ltr'><strong>ex</strong></span> <span class='ocrx_word' id='word_1_258' title='bbox 380 3377 453 3442; x_wconf 89' lang='lat' dir='ltr'><strong>copia</strong></span> <span class='ocrx_word' id='word_1_259' title='bbox 476 3377 498 3424; x_wconf 92' lang='lat' dir='ltr'><strong>T</strong></span> <span class='ocrx_word' id='word_1_260' title='bbox 522 3390 552 3424; x_wconf 88' lang='lat' dir='ltr'><strong>ex</strong></span> <span class='ocrx_word' id='word_1_261' title='bbox 574 3389 596 3423; x_wconf 89' lang='lat' dir='ltr'><strong>c.</strong></span> <span class='ocrx_word' id='word_1_262' title='bbox 619 3389 645 3450; x_wconf 80' lang='lat' dir='ltr'><strong>q.</strong></span> <span class='ocrx_word' id='word_1_263' title='bbox 667 3389 693 3422; x_wconf 88' lang='lat' dir='ltr'><strong>n.</strong></span> <span class='ocrx_word' id='word_1_264' title='bbox 716 3374 807 3438; x_wconf 85' lang='lat' dir='ltr'><strong>Haupt</strong></span> <span class='ocrx_word' id='word_1_265' title='bbox 828 3374 882 3423; x_wconf 87' lang='lat' dir='ltr'><strong>Mr.</strong></span> <span class='ocrx_word' id='word_1_266' title='bbox 919 3373 944 3423; x_wconf 93' lang='grc' dir='ltr'>Ο</span> <span class='ocrx_word' id='word_1_267' title='bbox 966 3373 1011 3449; x_wconf 73' lang='lat' dir='ltr'><strong>has</strong></span> <span class='ocrx_word' id='word_1_268' title='bbox 1034 3390 1056 3424; x_wconf 80' lang='lat' dir='ltr'><strong>r.</strong></span> <span class='ocrx_word' id='word_1_269' title='bbox 1082 3388 1120 3450; x_wconf 72' lang='lat'><strong>54,-</strong></span> <span class='ocrx_word' id='word_1_270' title='bbox 1148 3389 1187 3436; x_wconf 82' lang='lat'><strong>70.</strong></span> <span class='ocrx_word' id='word_1_271' title='bbox 1209 3387 1249 3438; x_wconf 82' lang='lat'><strong>71.</strong></span> 
     </span>
     <span class='ocr_line' id='line_1_33' title="bbox 198 3437 1253 3502; baseline -0.003 -9"><span class='ocrx_word' id='word_1_272' title='bbox 198 3451 247 3494; x_wconf 73' lang='lat' dir='ltr'><strong>ul.</strong></span> <span class='ocrx_word' id='word_1_273' title='bbox 281 3444 308 3493; x_wconf 88' lang='lat' dir='ltr'><strong>in</strong></span> <span class='ocrx_word' id='word_1_274' title='bbox 322 3442 415 3493; x_wconf 90' lang='lat' dir='ltr'><strong>delicto</strong></span> <span class='ocrx_word' id='word_1_275' title='bbox 430 3441 484 3492; x_wconf 90' lang='lat' dir='ltr'><strong>OM</strong></span> <span class='ocrx_word' id='word_1_276' title='bbox 500 3440 570 3490; x_wconf 90' lang='lat' dir='ltr'><strong>cuius</strong></span> <span class='ocrx_word' id='word_1_277' title='bbox 584 3439 703 3488; x_wconf 76' lang='lat' dir='ltr'><strong>delictum</strong></span> <span class='ocrx_word' id='word_1_278' title='bbox 719 3437 757 3502; x_wconf 86' lang='lat' dir='ltr'><strong>(or</strong></span> <span class='ocrx_word' id='word_1_279' title='bbox 771 3438 873 3498; x_wconf 89' lang='lat' dir='ltr'><strong>delicto)</strong></span> <span class='ocrx_word' id='word_1_280' title='bbox 889 3446 1031 3502; x_wconf 74' lang='lat' dir='ltr'><strong>agnoscitur</strong></span> <span class='ocrx_word' id='word_1_281' title='bbox 1046 3444 1116 3500; x_wconf 70' lang='lat' dir='ltr'><strong>ocur</strong></span> <span class='ocrx_word' id='word_1_282' title='bbox 1132 3439 1253 3490; x_wconf 90' lang='lat' dir='ltr'><strong>delictum</strong></span> 
     </span>
    </p>
   </div>
   <div class='ocr_carea' id='block_1_5' title="bbox 198 3512 1250 3638">
    <p class='ocr_par' dir='ltr' id='par_1_18' title="bbox 198 3512 1250 3638">
     <span class='ocr_line' id='line_1_34' title="bbox 198 3512 1250 3638; baseline -0.005 -14"><span class='ocrx_word' id='word_1_283' title='bbox 198 3512 268 3623; x_wconf 48' lang='lat'><strong>&amp;2</strong></span> <span class='ocrx_word' id='word_1_284' title='bbox 281 3570 372 3638; x_wconf 86' lang='lat' dir='ltr'><strong>(PRA)</strong></span> <span class='ocrx_word' id='word_1_285' title='bbox 384 3573 430 3622; x_wconf 86' lang='lat' dir='ltr'><strong>has</strong></span> <span class='ocrx_word' id='word_1_286' title='bbox 444 3586 536 3630; x_wconf 88' lang='lat' dir='ltr'><strong>1-1o;</strong></span> <span class='ocrx_word' id='word_1_287' title='bbox 554 3569 714 3631; x_wconf 83' lang='lat' dir='ltr'><strong>Chas1-7.</strong></span> <span class='ocrx_word' id='word_1_288' title='bbox 729 3583 753 3634; x_wconf 89' lang='lat'><strong>9.</strong></span> <span class='ocrx_word' id='word_1_289' title='bbox 767 3585 806 3636; x_wconf 84' lang='lat'><strong>39.</strong></span> <span class='ocrx_word' id='word_1_290' title='bbox 821 3566 901 3633; x_wconf 84' lang='lat'>13.6;</span> <span class='ocrx_word' id='word_1_291' title='bbox 920 3567 937 3617; x_wconf 90' lang='lat' dir='ltr'>S</span> <span class='ocrx_word' id='word_1_292' title='bbox 950 3567 995 3618; x_wconf 86' lang='lat' dir='ltr'><strong>has</strong></span> <span class='ocrx_word' id='word_1_293' title='bbox 1009 3585 1028 3618; x_wconf 87' lang='lat'><strong>1.</strong></span> <span class='ocrx_word' id='word_1_294' title='bbox 1042 3584 1064 3618; x_wconf 77' lang='lat' dir='ltr'><strong>a.</strong></span> <span class='ocrx_word' id='word_1_295' title='bbox 1081 3583 1104 3630; x_wconf 80' lang='lat'><strong>3.</strong></span> <span class='ocrx_word' id='word_1_296' title='bbox 1121 3585 1156 3621; x_wconf 86' lang='lat' dir='ltr'><strong>ro.</strong></span> <span class='ocrx_word' id='word_1_297' title='bbox 1172 3585 1211 3635; x_wconf 80' lang='lat'><strong>39.</strong></span> <span class='ocrx_word' id='word_1_298' title='bbox 1226 3589 1250 3634; x_wconf 82' lang='lat'><strong>4.</strong></span> 
     </span>
    </p>
   </div>
   <div class='ocr_carea' id='block_1_6' title="bbox 329 3699 1111 3768">
    <p class='ocr_par' dir='ltr' id='par_1_19' title="bbox 329 3699 1111 3768">
     <span class='ocr_line' id='line_1_35' title="bbox 329 3699 1111 3768; baseline -0.006 -13"><span class='ocrx_word' id='word_1_299' title='bbox 329 3713 377 3757; x_wconf 70' lang='lat'><strong>⁸⁴.</strong></span> <span class='ocrx_word' id='word_1_300' title='bbox 415 3704 516 3768; x_wconf 91' lang='lat' dir='ltr'><strong>Quoted</strong></span> <span class='ocrx_word' id='word_1_301' title='bbox 526 3704 561 3767; x_wconf 95' lang='lat' dir='ltr'><strong>by</strong></span> <span class='ocrx_word' id='word_1_302' title='bbox 572 3702 668 3753; x_wconf 89' lang='lat' dir='ltr'><strong>Gellius</strong></span> <span class='ocrx_word' id='word_1_303' title='bbox 682 3713 719 3764; x_wconf 86' lang='lat'><strong>17.</strong></span> <span class='ocrx_word' id='word_1_304' title='bbox 734 3716 763 3764; x_wconf 87' lang='lat'><strong>14</strong></span> <span class='ocrx_word' id='word_1_305' title='bbox 776 3699 890 3764; x_wconf 86' lang='lat' dir='ltr'><strong>(omitted</strong></span> <span class='ocrx_word' id='word_1_306' title='bbox 901 3700 936 3764; x_wconf 85' lang='lat' dir='ltr'><strong>by</strong></span> <span class='ocrx_word' id='word_1_307' title='bbox 947 3701 1111 3766; x_wconf 82' lang='lat' dir='ltr'><strong>Macrobius).</strong></span> 
     </span>
    </p>
   </div>
   <div class='ocr_carea' id='block_1_7' title="bbox 0 0 1356 4334">
    <p class='ocr_par' dir='ltr' id='par_1_20' title="bbox 0 0 1356 4334">
     <span class='ocr_line' id='line_1_36' title="bbox 0 0 1356 4334; baseline 0 0"><span class='ocrx_word' id='word_1_308' title='bbox 0 0 1356 4334; x_wconf 95' lang='lat' dir='ltr'><strong> </strong></span> 
     </span>
    </p>
   </div>
  </div>
 </body>
</html>
