2664 4334
368 375 531 427 PUBLILII
554 377 637 428 SYRI
661 378 909 430 SENTENTIAE.
1125 382 1162 430 21

58 548 92 593 11
108 533 210 597 Locis
232 534 370 598 remotis
392 535 449 616 qui
472 535 564 614 latet,
586 537 644 600 lex
666 547 718 602 est
740 537 812 602 sibi.

108 637 194 701 Late
217 637 327 700 lucere
350 638 444 720 ignis,
468 639 550 702 nihil
574 649 610 704 ut
633 650 716 716 urat,
740 649 861 723 potest.

108 743 297 807 Licentiam
321 742 380 806 des
402 742 544 826 linguae,
566 765 642 809 cum
665 765 781 809 verum
805 754 909 828 petas.

63 851 257 915 ZLucrum
281 859 333 914 est
356 849 505 914 dolorem
529 872 628 934 posse
650 854 776 917 damno
799 854 1021 936 exstinguere.

63 1039 279 1124 ZMalignos
302 1038 372 1103 fieri
396 1035 545 1105 maxime
568 1040 688 1124 ingrati
711 1042 842 1105 docent

109 1143 228 1209 Multis
252 1143 405 1218 minatur,
426 1144 483 1226 qui
507 1145 563 1208 uni
587 1144 666 1209 facit
688 1144 851 1209 iniuriam.

109 1250 209 1313 Mora
231 1247 340 1310 omnis
363 1247 441 1312 odio
463 1258 523 1325 est,
547 1249 606 1313 sed
630 1247 709 1312 facit
731 1248 941 1330 sapientiam.
1120 1277 1167 1327 345

111 1351 205 1415 Mala
226 1371 327 1415 causa
349 1361 409 1428 est,
431 1373 518 1435 quae
540 1353 676 1436 requirit
699 1354 969 1419 misericordiam.

77 1456 201 1523 uMori
224 1465 276 1519 est
298 1456 410 1533 felicis,
433 1466 614 1540 antequam
639 1467 780 1522 mortem
803 1458 946 1523 invoces.

111 1560 273 1624 Miserum
296 1571 347 1625 est
369 1570 478 1625 tacere
501 1562 584 1645 cogi,
606 1563 696 1644 quod
720 1564 835 1646 cupias
858 1564 959 1648 loqui.

110 1664 301 1728 Miserrima
323 1674 374 1728 est
396 1665 538 1741 fortuna,
560 1686 647 1748 quae
669 1667 804 1731 inimico
827 1679 925 1733 caret.

110 1768 223 1832 Malus
246 1778 297 1832 est
319 1768 499 1849 vocandus,
522 1770 579 1851 qui
602 1790 662 1834 sua
684 1781 735 1835 est
758 1792 858 1836 causa
881 1773 998 1836 bonus.
1120 1797 1169 1849 350

111 1872 225 1937 Malus
246 1872 373 1937 bonum
395 1872 453 1936 ubi
476 1893 512 1935 se
534 1873 677 1953 simulat,
700 1884 780 1939 tunc
803 1885 853 1940 est
876 1875 1048 1958 pessimus

63 1994 96 2040 10
111 1977 225 2040 Metus
247 1996 323 2040 cum
346 1977 447 2052 venit,
470 1996 579 2040 rarum
603 1975 705 2043 habet
728 2000 866 2044 somnus
889 1979 1008 2042 locum.

111 2080 200 2144 Mori
223 2100 358 2144 necesse
380 2088 441 2158 est,
463 2080 523 2144 sed
546 2100 614 2144 non
637 2083 792 2164 quotiens
814 2082 966 2146 volueris.

111 2183 204 2248 Male
225 2183 360 2267 geritur,
383 2183 542 2266 quicquid
565 2185 691 2267 geritur
713 2185 866 2250 fortunae
888 2184 961 2248 fide.

177 2290 315 2353 Mortuo
329 2289 385 2371 qui
401 2289 505 2353 mittit
521 2309 650 2365 munus,
666 2289 712 2353 nil
727 2291 787 2355 dat
802 2291 857 2369 illi,
873 2291 935 2355 sibi
952 2288 1079 2354 adimit.
1120 2314 1167 2366 3⁵5

111 2394 226 2458 Minus
249 2403 300 2457 est
322 2414 423 2476 quam
446 2413 560 2457 servus
583 2393 748 2470 dominus,
769 2397 826 2478 qui
850 2415 961 2459 servos
984 2394 1088 2458 timet.

66 2519 98 2563 11
113 2498 224 2580 Magis
247 2496 333 2562 fidus
356 2495 451 2560 heres
474 2497 622 2560 nascitur
643 2518 746 2580 quam
769 2498 931 2562 scribitur.

113 2676 161 2719 10.
195 2670 278 2720 lucere
296 2669 362 2734 ignis
379 2668 427 2717 Fit
446 2668 488 2717 Gr.
510 2668 553 2718 Or.
587 2667 651 2717 nihil
668 2668 689 2716 F
706 2669 770 2733 ignis
787 2668 868 2718 lucere
884 2668 983 2717 Nauck.
1017 2667 1067 2717 late
1086 2667 1170 2718 lucere

111 2736 176 2785 nihil
194 2744 222 2785 ut
242 2734 304 2784 nihil
323 2740 379 2783 urat
399 2740 482 2798 potest
501 2735 544 2799 Sp.
577 2734 628 2782 late
647 2734 773 2783 lucerent
792 2742 847 2783 urat
863 2733 926 2783 nihil
943 2732 1008 2798 ignis
1023 2740 1106 2798 potest
1122 2734 1169 2783 Bo.

112 2803 162 2851 late
173 2802 257 2850 lucere
267 2799 333 2865 ignis
343 2799 406 2848 nihil
416 2806 444 2849 ut
455 2805 511 2848 urat
522 2806 604 2862 potest
615 2799 661 2848 Bo.
680 2800 730 2848 Wo.
764 2799 814 2848 late
829 2800 911 2848 lucere
922 2805 950 2848 ut
965 2804 1020 2847 urat
1030 2798 1094 2847 nihil
1106 2798 1112 2809 ⁶
1149 2799 1170 2846 is

112 2873 196 2932 potest
219 2865 353 2979 Wohihligte
373 2863 440 2979 ignisl
455 2865 538 2914 lucere
557 2873 585 2913 ut
603 2864 666 2913 nihil
685 2871 741 2914 urat
759 2880 811 2913 non
830 2871 913 2928 potest
932 2864 1023 2913 Nauck
1039 2864 1084 2912 Ri.
1128 2872 1169 2913 ate

226 2939 253 2979 ut
337 2945 382 2978 ura
403 2945 430 2979 m

113 2964 197 3014 lucere
214 2931 263 3058 {nil
273 3003 301 3045 ut
311 2995 375 3044 nihil
385 2929 453 3058 urat}
469 2970 551 3026 potest
559 2963 602 3011 Ri.
622 2962 672 3012 late
681 2963 778 3012 elucere
785 2962 881 3026 insigne
890 2970 918 3012 ut
925 2961 961 3010 nil
970 2968 1024 3011 urat
1033 2968 1115 3025 potest
1123 2961 1168 3010 Fr.

114 3060 282 3126 z(T)has6.
298 3061 336 3110 18.

163 3124 465 3190 2(PRA)has1-32;
484 3125 773 3191 Chas1.4.8.9.12.
792 3125 830 3176 16.
851 3137 1167 3189 17.19.1ο.11.13.14.

114 3194 155 3242 18.
172 3207 212 3258 19.
229 3207 269 3256 3¹·
286 3205 309 3239 1.
326 3207 437 3255 3.5.11.
455 3206 493 3254 13·
511 3206 549 3241 10.
559 3189 582 3240 ό.
598 3203 621 3253 7.
639 3206 678 3239 11.
693 3207 731 3252 14·
744 3204 783 3253 15.
805 3202 842 3250 15.
860 3190 896 3238 18.
911 3187 1003 3250 16.17.
1017 3203 1057 3252 3²·
1071 3191 1110 3251 58.
1123 3200 1169 3250 543

114 3258 376 3320 Shas1-3.5-14.
395 3254 498 3306 16—18.
517 3272 557 3305 11.
574 3267 612 3319 17.
629 3269 669 3320 ²9·
687 3270 778 3318 3131.
797 3269 887 3316 19.1ο.
905 3268 944 3303 11.
964 3269 1003 3313 14.
1020 3252 1168 3316 13.15.16;

114 3319 625 3388 Zhas9.m.6.14.3.4.15.16.27.
645 3322 1169 3385 1ο.18.19.14.15.3ο.18.19.31.11.

117 3403 154 3438 1ο.
170 3404 203 3448 1;
219 3387 333 3448 ΨΠῐοπι
344 3386 377 3449 Σ]
389 3387 431 3450 (F)
442 3386 488 3435 has
502 3402 589 3450 1-31.
656 3392 683 3434 ο.
718 3387 781 3435 mori
793 3393 830 3434 est
842 3384 922 3434 felicis
933 3395 992 3433 1133.
1008 3384 1052 3433 Gr.
1067 3384 1111 3433 Or.
1123 3384 1170 3433 Bo.

121 3455 171 3503 Wo.
194 3453 239 3502 Ri.
260 3453 303 3516 Sp.
323 3453 378 3500 Mr.
411 3452 457 3502 but
475 3451 572 3501 felicius
591 3466 661 3500 some
681 3463 740 3500 Mss.
760 3451 789 3500 os
807 3450 926 3499 Erasmus
945 3449 996 3498 and
1012 3448 1055 3498 the
1072 3448 1170 3513 Gryph.

114 3526 250 3582 antequam
266 3524 373 3566 mortem
390 3529 448 3566 1133.
461 3519 561 3566 invoces
579 3516 627 3565 ΚΑ
645 3518 688 3580 Sp.
700 3516 756 3565 Mr.
789 3515 884 3564 invocis
902 3515 921 3563 P
938 3514 1037 3563 invocet
1054 3513 1094 3564 FS
1118 3515 1170 3563 Wo.

115 3583 234 3633 invocens
245 3582 343 3647 Gryph.
376 3598 443 3632 mors
454 3583 583 3631 invocetur
594 3581 624 3632 C.
714 3586 763 3629 10.
797 3580 865 3629 venit
877 3591 935 3629 1133.
947 3579 1026 3629 tenuit
1037 3579 1083 3628 Fr.
1117 3594 1170 3643 reg-

116 3656 160 3699 nat
170 3649 215 3698 Ri.
248 3654 322 3698 vexat
333 3648 375 3697 Ri.
411 3647 498 3712 vigilat
510 3647 554 3696 Ri.
676 3644 723 3696 1⁸.
760 3645 808 3695 sibi
819 3644 907 3694 adimit
920 3656 979 3693 Mss.
998 3645 1049 3693 Wo.
1082 3644 1171 3694 adimit

116 3714 164 3764 sibi
174 3714 219 3764 Be.
230 3714 274 3765 Ri.
288 3714 331 3778 Sp.
343 3713 398 3762 Mr.
431 3729 458 3763 se
468 3712 570 3763 abdicat
581 3712 627 3761 Fr.
706 3717 753 3760 1⁸.
789 3711 870 3775 magis
881 3722 938 3760 1133.
953 3710 997 3774 Sp.
1009 3710 1064 3758 Mr.
1097 3724 1171 3774 mage
