2664 4334
478 401 775 453 INTRODUCTION.
1116 383 1152 446 xi

98 562 240 620 Annaeus
260 561 383 634 Seneca,
407 561 624 621 Controuersias
639 576 692 618 vu.
711 578 736 617 2.
757 579 793 632 14
813 557 854 636 (p.
871 578 939 635 321,
956 559 974 618 l.
994 576 1030 634 19
1052 555 1153 616 Kiess·

199 657 273 735 ling)
284 678 291 717 ε

161 757 218 815 ‘Et
232 755 401 815 Murredius
415 775 478 816 non
498 766 542 816 est
556 774 662 833 passus
681 754 760 813 hanc
780 751 1010 814 controversiam
1029 751 1152 812 transire

96 853 162 914 sine
176 851 275 930 aliqua
288 853 418 930 stuporis
432 852 476 913 sui
496 865 576 914 nota
620 849 785 929 Descripsit
806 850 885 910 enim
904 851 1048 910 ferentem
1063 858 1152 925 caput

96 962 127 1011 et
152 970 274 1013 manum
300 950 453 1012 Ciceronis
479 951 638 1029 Popillium
664 964 693 1011 et
722 949 919 1010 Publilianam
947 943 1152 1029 [sententiam]

97 1049 199 1109 dedit:
230 1047 346 1126 Popilli,
369 1061 482 1125 quanto
506 1049 591 1110 aliter
614 1068 682 1110 reus
707 1045 860 1109 Ciceronis
883 1047 1006 1106 tenebas
1030 1064 1152 1105 manum

96 1144 219 1228 [est¹]?’

96 1263 220 1332 Seneca,
239 1262 452 1322 Controversiae
464 1281 516 1322 vu.
535 1283 561 1340 3,
579 1264 597 1321 8
613 1263 653 1340 (p.
671 1263 772 1339 32521·
792 1277 826 1338 15
844 1258 1027 1340 Kiesslingl:

160 1358 346 1420 ‘Murredius
360 1380 415 1438 pro
429 1372 529 1422 cetero
549 1381 603 1422 suo
623 1373 744 1438 stupore
762 1358 836 1420 dixit
856 1359 1106 1420 medicamentum
1121 1377 1153 1420 se

97 1475 218 1532 parasse
231 1459 271 1518 ad
285 1478 434 1530 somnum,
450 1461 520 1536 quia
534 1458 672 1519 assiduae
686 1457 902 1520 sollicitudines
916 1457 1080 1536 vigiliarum
1096 1456 1153 1517 sibi

95 1555 346 1616 consuetudinem
369 1553 512 1637 [fecerint.
555 1559 584 1615 A
607 1568 691 1633 parte
714 1553 819 1636 patr]is
843 1557 974 1617 colorem
1000 1566 1030 1616 et
1055 1553 1153 1615 Publi-

97 1651 207 1711 lianam
233 1651 410 1713 sententiam
439 1652 540 1713 dedit:
569 1652 782 1726 abdicationes,
808 1651 913 1730 inquit,
939 1671 1007 1712 suas
1034 1670 1152 1711 veneno

98 1748 202 1824 diluit;
233 1763 263 1810 et
290 1750 414 1812 iterum:
446 1762 580 1824 mortem,
609 1751 714 1828 inquit,
743 1771 840 1812 meam
869 1749 980 1810 effudit
1024 1748 1152 1811 Memini

98 1849 213 1908 Oscum
238 1845 333 1928 [cum]
358 1848 529 1924 loqueretur
555 1848 594 1908 de
622 1849 680 1908 hoc
707 1867 814 1925 genere
842 1844 1064 1918 sententiarum,
1091 1864 1152 1923 quo

97 1946 207 2005 inlecta
220 1945 280 2005 iam
300 1957 383 2006 erant
402 1947 693 2007 adulescentulorum
713 1947 846 2009 omnium
865 1945 994 2024 ingenia,
1010 1946 1094 2024 queri
1113 1947 1152 2006 de
1195 1949 1197 1954 ’

98 2041 237 2116 Publili0,
252 2042 337 2118 quasi
357 2042 406 2103 ille
425 2041 485 2103 iam
503 2043 582 2103 hanc
602 2043 749 2103 insaniam
768 2043 987 2103 introduxisset.
1031 2040 1153 2105 Cassius

97 2141 231 2212 Severus,
252 2159 385 2200 summus
405 2139 514 2200 Publili
532 2152 654 2216 amator,
674 2140 773 2202 aiebat
792 2160 854 2201 non
874 2139 952 2200 illius
970 2140 1030 2200 hoc
1048 2139 1151 2200 vitium

96 2256 171 2310 esse,
195 2238 251 2298 sed
275 2256 378 2298 eorum
402 2237 454 2314 qui
481 2237 564 2297 illum
593 2258 630 2299 ex
657 2251 741 2316 parte
769 2258 829 2316 qua
856 2237 979 2298 transire
1007 2236 1151 2298 deberent

96 2333 290 2407 imitarentur,
312 2333 386 2416 [non
406 2333 603 2417 imitarentur]
624 2355 701 2412 quae
726 2337 807 2413 apud
831 2353 900 2394 eum
926 2332 1031 2395 melius
1052 2344 1152 2394 essent

94 2432 177 2493 dicta
201 2452 291 2509 quam
315 2433 396 2510 apud
418 2451 601 2510 quemquam
622 2433 772 2494 comicum
793 2431 995 2510 tragicumque
1015 2442 1067 2491 aut
1089 2433 1150 2492 Ro-

95 2552 219 2592 manum
247 2545 298 2592 aut
326 2533 493 2606 Graecum;
528 2543 561 2592 ut
588 2533 671 2591 illum
696 2550 814 2592 versum
843 2549 904 2607 quo
931 2529 1031 2591 aiebat
1057 2547 1150 2589 unum

95 2648 213 2690 versum
233 2629 358 2689 inveniri
378 2649 440 2691 non
462 2649 550 2707 posse
572 2629 744 2692 meliorem:

177 2730 255 2786 Tam
276 2728 342 2788 dest
361 2747 451 2788 avaro
472 2728 554 2805 quod
575 2729 666 2788 habet
686 2747 776 2805 quam
798 2727 882 2805 quod
902 2746 964 2788 non
985 2726 1094 2797 habet;

94 2836 125 2886 et
139 2825 223 2884 illum
237 2827 276 2886 de
290 2828 396 2887 eadem
411 2825 569 2886 redictum
584 2848 590 2885 :

179 2926 296 2984 Desunt
316 2923 448 2984 luxuriae
469 2925 571 2995 multa,
593 2923 733 2985 avaritiae
753 2923 854 2984 omnia
865 2944 873 2996 ;

93 3034 124 3083 et
139 3022 207 3083 illos
221 3042 322 3083 versus
337 3022 387 3100 qui
401 3022 471 3083 huic
485 3042 606 3100 quoque
622 3035 666 3083 ter
680 3023 820 3083 abdicato
835 3033 957 3100 possent
971 3021 1151 3082 convenire:

178 3122 206 3182 Ο
228 3122 288 3179 vita
308 3120 417 3180 misero
437 3122 536 3197 longa,
559 3119 637 3180 felici
659 3119 773 3179 brevis!

94 3230 125 3280 et
138 3217 283 3296 plurimos
297 3219 439 3296 deinceps
453 3238 555 3279 versus
569 3219 712 3279 referebat
728 3216 835 3277 Publili
851 3215 1068 3277 disertissimos.

157 3317 277 3376 Deinde
298 3329 449 3377 auctorem
469 3315 556 3376 huius
573 3316 625 3375 viti
646 3316 729 3393 quod
749 3334 785 3374 ex
804 3313 942 3392 captione
960 3315 1049 3373 unius
1067 3314 1150 3375 verbi

94 3414 225 3492 plurima
245 3414 436 3492 significantis
455 3417 586 3474 nascitur
604 3414 702 3475 aiebat
724 3413 924 3492 Pomponium
947 3415 1149 3474 Atellanarum

92 3515 269 3590 scriptorum
290 3514 389 3585 fuisse,
411 3533 512 3590 aquo
533 3511 663 3591 primum
683 3514 721 3573 ad
744 3512 903 3573 Laberium
929 3511 1070 3572 transisse
1091 3512 1150 3573 hoc

93 3611 228 3672 studium
252 3610 396 3682 imitandi,
422 3611 534 3673 deinde
561 3611 632 3672 inde
659 3612 697 3671 ad
722 3611 902 3672 Ciceronem
930 3611 981 3688 qui
1008 3610 1083 3670 illud
1110 3610 1150 3670 ad

507 3729 517 3761 ¹
536 3729 617 3780 ‘eius’
629 3729 741 3779 Bursian.
